3375 5384
500 711 542 790 μ
754 683 1168 768 ruraoovorro.

499 879 728 992 legam'non
747 881 902 986 habuit,
929 909 1054 998 neque
1071 872 1241 989 potre'ros
1260 885 1425 986 nepotes
1562 947 1563 978 ,

499 1006 604 1086 vidit.
662 999 900 1110 Relinquitur
919 1005 960 1080 in
973 1025 1073 1078 ouum
1094 997 1323 1078 Andronicum
1347 991 1421 1076 elle

499 1121 712 1226 scriptum,
745 1122 810 1197 eui
839 1121 956 1198 etiam
991 1139 1145 1198 carmen
1173 1131 1352 1224 quartum
1381 1129 1422 1192 et

489 1213 684 1346 odlauum
710 1254 751 1316 et
774 1234 979 1340 septimum
1006 1233 1177 1314 dicatum
1202 1226 1274 1310 elle
1299 1227 1423 1310 exilii·

498 1377 577 1434 mu.
635 1355 738 1432 Huic
763 1356 867 1431 enim
888 1355 1038 1456 egregie
1060 1349 1309 1430 consentanea
1324 1347 1424 1449 sunt,
1564 1433 1565 1446 2

500 1487 597 1579 quac
614 1576 617 1581 4
632 1473 671 1548 in
702 1467 991 1581 doroueoropo't
1020 1469 1200 1568 βασιλεαι
1237 1463 1303 1546 hic
1335 1463 1425 1544 leri·

499 1585 652 1684 buntur.
709 1585 879 1666 Primum
901 1584 985 1664 illae
1009 1584 1254 1689 prudentiae,
1280 1581 1425 1688 sapien·

501 1696 597 1806 tiae,
625 1698 844 1804 facundiae,
871 1697 1124 1803 fortitudinis,
1163 1725 1275 1780 curae
1298 1693 1425 1806 publia
1566 1791 1567 1806 ἱ

499 1845 637 1899 corum
660 1823 936 1924 negotiorum,
972 1813 1084 1924 ipsius
1103 1820 1219 1897 etiam
1239 1813 1425 1922 pulcritu-

502 1935 599 2015 dinis
632 1932 762 2015 laodes
784 1933 1011 2014 Andronico
1035 1933 1171 2014 seniori
1197 1937 1337 2040 pariter
1355 1932 1423 2010 tria
1567 1970 1568 2006 r

499 2046 671 2130 buuntur
690 2053 810 2131 aNic.
830 2053 1007 2156 Gregora
1028 2046 1091 2129 lib.
1102 2055 1202 2150 ¹Vlll,
1223 2077 1259 2155 9.
1282 2061 1319 2154 p.
1336 2057 1423 2144 228:

501 2183 541 2247 et
565 2163 628 2245 lib.
643 2171 745 2267 X,r.
779 2179 870 2272 pag.
887 2189 968 2272 327.
1004 2181 1048 2245 ut
1071 2166 1197 2275 postea
1220 2163 1314 2246 locis
1340 2168 1422 2246 eius
1568 2208 1569 2230 r

501 2283 748 2392 transscriptis
763 2281 1003 2384 ostendetur,
1032 2285 1100 2388 qui
1114 2281 1274 2388 scriptor
1287 2284 1421 2362 ineius

502 2396 706 2501 aula'vixit,
731 2402 1019 2507 principemque
1035 2394 1145 2477 illurn
1169 2401 1331 2504 penitius
1355 2423 1444 2513 cos*

437 2537 440 2543 ’
503 2516 650 2622 gnouit.
708 2515 860 2621 Aptum
874 2519 991 2596 etiam
1006 2513 1233 2596 Andronico
1248 2514 1340 2594 huic
1356 2515 1422 2616 est,
1569 2559 1570 2572 r

491 2629 610 2740 'quod
638 2658 672 2710 v.
688 2655 745 2736 73.
766 2649 892 2736 extat,
922 2626 1003 2716 ei'us
1027 2629 1229 2714 virtutibus
1252 2630 1361 2711 reddi
1383 2649 1423 2710 et

363 2740 365 2746 ’
442 2853 445 2863 1
503 2769 641 2850 auutu,
672 2751 809 2858 etqui
845 2750 969 2856 ipsum
996 2749 1147 2856 sceptro
1187 2746 1422 2853 impertierit·

501 2863 612 2944 Aous
627 2868 717 2944 eius
735 2861 859 2945 fuerat
885 2865 1130 2946 Andronicus
1156 2859 1423 2968 Palaeologus‚
1499 2864 1533 2906 ‘'

503 2983 664 3084 egregiis
697 2978 858 3082 inclytus
889 2985 946 3061 vir
977 2975 1205 3082 virtutibus,
1244 2980 1459 3061 affinitate.

504 3122 597 3175 cum
626 3091 846 3176 Lascaribus
874 3113 913 3174 et
946 3095 1156 3178 Comnenis
1187 3093 1423 3179 coniunilus.

501 3212 600 3294 Vide
623 3213 814 3327 Congium
829 3206 946 3292 famil.
961 3217 1110 3314 Byzant.
1129 3237 1207 3318 cap.
1223 3239 1291 3318 40.
1305 3237 1423 3319 p.231.

503 3321 648 3433 sceptri
673 3328 863 3408 maiestate
881 3348 1035 3410 ornatus
1053 3325 1176 3409 fuerat
1197 3326 1424 3410 a'Michaele
1466 3399 1471 3406 .

501 3460 621 3548 patre,
635 3443 761 3523 adhuc
777 3447 879 3523 viu0.
896 3446 1046 3551 Aptum
1060 3443 1225 3554 denique
1235 3445 1299 3547 est,
1317 3443 1424 3554 quod

501 3587 536 3639 v.
544 3584 611 3665 90.
626 3557 675 3638 de
690 3555 835 3669 collega
853 3579 892 3639 et
907 3565 1003 3644 natis
1021 3587 1042 3643 e
1057 3559 1204 3666 collega
1220 3557 1424 3668 nepotibus
1512 3589 1521 3604 ·

504 3692 751 3779 memoratur.
810 3671 987 3760 Habebat
1010 3683 1113 3759 enirn
1136 3671 1333 3783 collegam·
1347 3681 1425 3758 Mi·

503 3787 675 3871 chaelem
699 3793 909 3897 iuniorem,
938 3793 1087 3896 filiurn,
1114 3820 1316 3904 excoque
1343 3793 1425 3875 duo

502 3905 654 4017 adultos
665 3925 839 4012 nepotes,
850 3937 1017 4019 quorum
1033 3910 1126 3994 alter
1140 3937 1215 3993 auo
1232 3909 1423 3992 succelirt:

359 4058 363 4074 ⁴
502 4022 620 4131 idque
630 4020 736 4126 nulli,
746 4028 812 4134 qui
821 4027 978 4134 quidem
989 4054 1086 4110 aeuo
1095 4026 1219 4108 Philae
1229 4024 1425 4133 regnallet,

502 4142 677 4252 contigit.
734 4145 932 4226 Praetereo
947 4149 1045 4250 iarn,
1072 4144 1363 4252 superstitiosam
1384 4146 1435 4224 B.·

588 4261 592 4268 “
1259 4260 1423 4366 Virginis
