3375 5384
388 662 463 740 eru
502 628 973 742 crura'cv'zuuurr.
1109 688 1169 756 εις
1268 749 1274 764 .

149 889 152 894 ·
238 853 296 928 Ell
311 859 403 928 enirn
419 860 454 926 iu
470 852 603 956 procliis
614 853 716 927 'heroe
736 849 1014 953 inexpugnabilis:

240 962 369 1037 sivero
385 962 613 1057 opportunitas
630 956 682 1028 vel
696 956 868 1032 mediocris
884 961 943 1028 orii
958 953 1064 1044 adell,

187 1135 191 1140 .
239 1065 329 1135 Cum
345 1058 438 1134 saurir
457 1056 621 1162 scripturis
640 1055 817 1135 consuescit
839 1081 894 1132 eut
917 1066 1105 1132 etiarn-cum
1122 1048 1167 1130 sa·
1202 1049 1204 1054 ¹

350 1245 354 1254 ¹
464 1233 469 1240 ,
733 1164 895 1264 pientibus
915 1169 1028 1256 aruicis
1216 1241 1219 1246 ,

240 1268 287 1338 Et
301 1261 430 1367 prorsus
445 1262 484 1337 ad
499 1267 606 1340 reciae
621 1272 755 1340 rationis
771 1267 905 1342 ductum
923 1273 1014 1342 uiuit.
1041 1268 1075 1338 Si
1090 1295 1169 1345 vero

631 1370 745 1443 talario
768 1366 836 1442 lusu
860 1368 1015 1444 obledlari
1032 1367 1118 1456 vult,

242 1473 338 1544 Tum
348 1469 397 1543 uel
407 1470 590 1548 Palamedes
604 1481 680 1550 artic
694 1492 839 1576 repertor
849 1470 881 1548 se
891 1469 1027 1550 fateatur
1036 1475 1168 1560 vidium,

294 1660 364 1735 PH.
385 1658 512 1732 Scilicet
524 1661 579 1733 hic
593 1653 686 1731 ludus
700 1665 797 1733 etiarn
812 1659 983 1735 iuuenibus
999 1658 1169 1764 gramsell,
1203 1747 1205 1754 Α
1254 1755 1256 1766 Ι
1315 1633 1320 1642 ’
1364 1705 1367 1714 ,

243 1763 332 1833 Curn
358 1787 474 1834 omues
497 1763 563 1833 huc
585 1759 829 1864 propendeaut3

242 1864 309 1942 Sed
325 1870 513 1964 inperatori
527 1889 597 1937 non
612 1875 766 1969 exiguum
786 1867 915 1940 lucrum
930 1860 1041 1952 affert,

244 1971 311 2061 Qui
328 1995 370 2040 eo
384 1967 601 2056 coadoretur,
625 1979 725 2044 vitam
741 1972 919 2042 humanam
937 1965 1001 2042 effe

243 2070 335 2146 Talo
350 2069 509 2169 similem,
535 2078 591 2174 qui
609 2071 747 2145 inllabili
763 2069 838 2146 sede
855 2093 1013 2174 pererret,

243 2178 287 2249 Et
308 2175 452 2250 alacriter
475 2173 654 2250 iaciendarn
679 2171 742 2250 else
762 2175 866 2250 aleam
889 2177 1107 2276 periculorum

243 2275 403 2354 Aduersus
424 2277 583 2352 iussabiles
606 2281 716 2357 mollis
739 2288 824 2355 vitae
848 2279 983 2360 labores.

294 2465 346 2546 M.
371 2463 492 2539 Putcro
510 2464 569 2538 tibi
590 2485 623 2538 et
649 2461 736 2539 aliud
762 2464 912 2537 mirabile
940 2462 1171 2541 exercitaruenss

681 2600 685 2606 ’
724 2588 795 2639 turn
818 2579 963 2652 uar'rarc,

244 2670 345 2771 Qud
366 2668 479 2745 l'euero
504 2667 610 2742 studio
635 2690 667 2743 et
690 2667 817 2743 ludicro
842 2667 936 2744 fimul
954 2667 1096 2755 corallat,

245 2779 289 2848 Et
311 2773 466 2848 vetustate
487 2771 619 2874 quidem
634 2771 793 2845 abolitum
817 2773 910 2846 latuit
933 2768 1068 2865 dudum,

245 2875 310 2950 Sed
325 2878 364 2947 ab
379 2905 422 2951 eo
436 2876 501 2950 fuit
524 2895 717 2950 renouatum
735 2875 862 2964 denuo,

216 3010 230 3020 ¹
245 2981 389 3081 Quando
404 3007 493 3083 reges
512 3002 543 3052 ct
557 2979 651 3052 duces
668 2977 789 3080 saepius
965 2975 967 2980 ¹

244 3089 437 3184 Eorrunque
462 3082 525 3158 filii
549 3079 721 3157 liberaliter
754 3081 879 3156 educati

244 3191 289 3261 Ei
301 3213 435 3288 operam
450 3185 627 3277 dederunt,
655 3213 765 3261 curua
786 3189 920 3288 proeliis
946 3199 1148 3258 uacaueruut.

283 3375 371 3449 -ΡΗ,
396 3371 465 3447 Nili
489 3367 601 3445 lorlau
625 3368 777 3446 deludere
813 3397 868 3444 me
890 3376 956 3459 uis,

245 3477 444 3550 Perlibenter
469 3472 597 3550 'audiam
622 3496 713 3548 tuam
739 3471 1000 3576 descriptionem.

247 3579 357 3655 Habes
377 3589 467 3656 euim
484 3584 636 3667 cinerei,
652 3579 676 3652 fi
694 3586 759 3675 vis,
787 3579 969 3652 mirabilem
987 3575 1175 3652 facultatem

247 3687 291 3774 Et
307 3691 450 3786 ,pingere
474 3679 557 3774 soles
587 3709 636 3756 res
668 3681 913 3758 euidentillune.

248 3792 354 3892 Igitur
369 3806 402 3860 ct
414 3788 481 3859 hoc
499 3787 577 3860 velia
593 3783 772 3863 informare
794 3793 908 3859 auimo
927 3807 1006 3856 meo
1021 3802 1054 3852 er
1067 3777 1176 3856 afflatu

773 3908 832 3964 tuo
851 3915 906 3964 rnc
925 3909 1075 3970 mouere,

1032 4008 1038 4020 '
1076 4008 1178 4090 Verus

250 4228 327 4292 Vide
338 4234 383 4293 10.
398 4231 517 4294 Meurlii
537 4225 890 4318 graeciamJludilrunrlam
902 4251 931 4316 p.
946 4243 989 4305 52.
1010 4241 1039 4292 et
1053 4229 1179 4292 Suirterii
1286 4223 1291 4230 ’

251 4315 441 4386 Palamedem.
715 4354 717 4357 ·
1067 4403 1102 4466 V·
1117 4415 1177 4478 επ.
