3375 5384
341 734 347 747 .
390 675 447 750 IN
495 663 969 747 CANTACV'ZENVM.
1074 701 1143 772 ²09

262 862 336 941 PH.
357 858 464 947 oso]
475 855 593 952 senex,
615 863 672 962 qui
685 879 800 934 tamen
821 851 925 930 rursus
939 859 1142 939 iuuenesnere

328 1031 331 1037 .
718 1027 722 1035 ,
778 956 883 1048 solea,
916 1017 919 1020 .

209 1062 383 1172 Numquid
410 1091 556 1168 unquam
584 1063 647 1137 tale
673 1069 709 1137 in
738 1070 832 1140 terrio
856 1081 1046 1163 portentum
1077 1077 1139 1147 uiri

422 1263 424 1270 s
796 1165 1009 1268 conspexisti3
1176 1255 1179 1260 ‚

209 1276 303 1351 Num
316 1295 385 1348 tam
406 1269 585 1347 mirificum
600 1273 685 1344 vitae
703 1278 892 1344 communis
909 1297 1140 1353 ornamentum

699 1373 807 1448 vidisti
828 1383 991 1476 unquam?

208 1485 303 1559 Num
323 1479 416 1569 uiliqr
433 1496 580 1578 ¹mquam
593 1479 736 1554 hominis
758 1475 964 1555 substantiam
980 1485 1019 1554 ‘in
1032 1499 1116 1558 terra

208 1586 264 1661 Ad
282 1606 402 1664 tantam
416 1583 599 1656 beatitatem
616 1582 803 1684 perdudiam
829 1579 955 1658 vidiiii?
1049 1603 1051 1612 ’

210 1693 318 1783 Taces
332 1708 366 1761 tu
382 1685 535 1786 quidem:
561 1714 666 1788 neque
688 1688 777 1757 euim
794 1683 905 1760 dicere
921 1705 1033 1788 potes,

209 1796 268 1868 Te
296 1793 438 1894 uuquam
465 1796 609 1864 omniuo
641 1791 739 1864 talem
767 1787 1142 1961 nalturamnconspexiise

600 1908 606 1920 '
782 1899 891 1965 aiam.

263 2032 317 2108 M.
340 2027 499 2130 Equidem
515 2026 670 2116 arbitror,
683 2029 770 2100 huno
784 2032 864 2098 virm

867 2023 1141 2202 qrpianemicnm

786 2137 877 2204 extiti
906 2157 924 2202 e

209 2239 374 2312 Omnibus
388 2251 478 2309 retro
492 2230 695 2336 temporibus
711 2239 747 2304 in
765 2254 865 2320 terra,
881 2239 927 2307 vti
942 2254 1143 2330 ornamento

672 2331 748 2407 eiset
773 2333 919 2409 humano
942 2347 1063 2438 generi.

211 2447 249 2518 Si
266 2449 355 2515 enim
373 2442 460 2511 hune
478 2465 546 2513 noo
562 2435 731 2512 consecuta
748 2436 848 2511 essent
862 2441 968 2512 noiira
983 2430 1142 2541 tempora,

209 2551 293 2622 Non
311 2566 398 2618 certe
413 2539 485 2615 satis
507 2541 673 2615 euidenter
696 2567 736 2614 ex
755 2543 849 2614 rebus
871 2541 943 2643 ipsus
969 2541 1142 2645 cognosce·

802 2670 931 2734 remus,

207 2751 325 2853 Qualia
340 2746 471 2822 tandem
486 2741 596 2820 fuiffet
609 2744 664 2818 ilia
679 2771 772 2819 aurea
786 2749 962 2823 hominum
976 2745 1118 2837 soboles,

208 2859 318 2956 Quam
334 2877 478 2926 veterum
494 2848 589 2924 attica
611 2849 715 2950 pob'fis
731 2853 816 2924 olim

210 2944 250 3032 in
264 2955 493 3030 Semideorum
518 2979 656 3026 numero
672 2957 855 3032 coliocauit.

258 3095 329 3166 PH.
356 3089 523 3164 uiruraeci
543 3086 649 3191 ipsum
669 3085 843 3192 aliqnando
864 3088 925 3163 suia
940 3088 1141 3194 temporibus

597 3284 603 3290 ,
750 3223 789 3266 co
815 3190 994 3284 nouiiienr,

212 3299 320 3375 Abeo
335 3290 445 3371 forsan
463 3289 613 3396 auspicati
629 3319 757 3370 auream
783 3223 929 3372 ibboleni
949 3293 1143 3374 ceciniffent.

211 3400 279 3476 Sed
289 3409 363 3503 quia
379 3404 481 3475 hocce
496 3422 624 3500 tempus
639 3427 715 3473 eum
736 3399 873 3500 protulit
895 3403 1037 3490 mundo,

212 3509 390 3605 Tanquam
398 3532 497 3576 vnum
510 3502 639 3605 aliquod
649 3531 827 3578 commune
838 3509 1024 3580 Gratiarum
1034 3505 1141 3598 decus,

213 3609 307 3684 Idem
320 3611 374 3682 hic
390 3631 421 3680 er
436 3609 558 3680 veteres
571 3629 605 3681 vt
619 3609 715 3683 nobis
728 3608 856 3697 reddat,
881 3635 939 3712 par
962 3610 1015 3687 est.

226 3744 230 3749 ⁴
1010 3715 1142 3782 Etenim

214 3894 398 3977 uthenfpug.
411 3913 470 3968 312.
514 3894 640 3957 Athenas
660 3890 782 3972 ιῖγαλμα
805 3919 884 3957 aaran
905 3917 952 3963 rna
975 3887 1079 3954 §naias
1100 3909 1141 3958 at.

215 4005 272 4067 qne
295 3985 442 4043 Himerius
469 3984 553 4043 Orat.
577 3987 606 4048 Ι,
627 4002 675 4042 20.
710 3982 840 4063 sponsam
873 3983 1011 4066 sapphicis
1045 3984 1141 4042 verbi·

215 4080 336 4128 nanno
359 4072 464 4136 Πιφιης
485 4065 605 4139 ἄγαλμα
625 4067 764 4129 nominat.
809 4070 882 4130 Vide
912 4064 1088 4128 Doruiiiium
1110 4071 1142 4128 in

216 4150 373 4216 miscellan.
399 4151 541 4214 obsrnrat.
564 4168 634 4217 torn.
649 4155 703 4215 111.
727 4173 791 4238 pag.
810 4161 878 4234 ²⁶7·
900 4165 929 4214 et
949 4153 1074 4214 nostrum
1089 4155 1143 4214 iii.

215 4245 340 4304 menum
360 4237 418 4304 Eri·
433 4243 515 4315 xtu,
532 4255 570 4311 ις.

754 4383 816 4462 02
1014 4388 1054 4463 V·
1074 4403 1142 4488 725·

784 4604 791 4634 Ι
