3375 5384
510 653 578 730 248
834 630 1118 718 wemma·

512 799 1441 914 nomme

732 1035 1043 1135 CARMEN
1099 1035 1235 1133 Vlll.

517 1259 1446 1398 DEELEPHANTE

828 1505 1136 1571 ae==e

694 1669 1358 1818 nmmmmmo,

524 1883 776 2161 Carmen
805 1887 885 1970 hoc
914 1905 955 1968 er
977 1887 1086 1994 regio
1112 1881 1270 1973 Parisino
1300 1881 1448 1968 codice,

674 2036 739 2120 vbi
753 2031 931 2118 Labbeus
946 2034 987 2116 id
1002 2033 1078 2140 legi
1092 2033 1267 2135 testatur,
1296 2049 1336 2113 et
1349 2031 1450 2112 Bod-

679 2169 905 2266 leiano'alio
936 2181 1071 2264 codice
1095 2182 1385 2280 conseruatum,
1405 2207 1451 2259 ex

452 2335 456 2347 “
526 2332 736 2440 posteriore
763 2329 843 2411 luci
874 2327 1048 2436 publicae
1082 2328 1242 2410 donauit
1267 2331 1324 2410 vir
1352 2329 1452 2448 sum·
1539 2311 1541 2376 l

527 2507 615 2564 mus
636 2487 690 2560 Io.
708 2473 797 2560 Alb.
819 2473 1010 2560 Fabricius
1035 2474 1126 2560 bibl.
1148 2480 1283 2559 Graec.
1305 2495 1360 2556 to.
1374 2482 1454 2557 Vll.

528 2653 614 2736 pag.
623 2633 720 2736 699.
777 2632 999 2733 separatum
1018 2625 1070 2706 eil
1086 2643 1124 2706 et
1146 2622 1335 2732 peculiare
1352 2619 1457 2735 quali

373 2790 387 2878 j
527 2801 648 2884 opus,
676 2800 757 2856 non
776 2771 959 2882 particula
981 2776 1137 2856 maioris
1153 2771 1240 2856 libri
1267 2799 1455 2854 enarra
1498 2840 1504 2878 ιχ

531 2951 588 3003 na
627 2948 965 3002 nnrnrrravs.
1052 2921 1162 3004 Vnde
1191 2947 1271 3003 non
1302 2920 1356 3002 est
1376 2945 1457 3002 ma·

531 3094 701 3178 gnopere
744 3067 987 3185 irascendum
1020 3068 1203 3152 Cornelio
1242 3067 1293 3150 de
1328 3071 1458 3169 Pauw,

533 3223 601 3331 qui
644 3221 686 3299 in
730 3217 930 3300 nouillrma
978 3217 1093 3300 huius
1137 3215 1223 3299 libri
1266 3215 1459 3322 editione,

532 3362 678 3448 nullam
718 3363 829 3472 plane
873 3341 1048 3448 carminis
1088 3343 1327 3448 mentionem
1366 3361 1467 3446 iaie?

534 3515 617 3615 eit,
655 3509 772 3622 idque
800 3509 952 3619 prorsas
981 3511 1164 3619 ignorasse
1189 3512 1340 3598 videtur
1367 3539 1460 3596 curn

534 3664 693 3744 caeteris
743 3685 765 3742 a
813 3657 985 3742 Fabricio
1032 3667 1202 3771 primum
1249 3657 1459 3770 ‘publicatis

534 3807 662 3912 Philae
684 3812 895 3917 poematiis.
958 3810 1091 3912 Visum
1111 3829 1240 3892 autem
1262 3807 1360 3893 mihi
1381 3804 1461 3909 {fuit

535 3982 616 4040 non
647 3956 848 4065 indignum
881 3961 1013 4040 iterata
1053 3959 1253 4080 editione,
1292 3961 1460 4042 maxime

537 4131 630 4190 eum
650 4131 810 4212 magnus
833 4101 1092 4192 Bibliothecae
1125 4109 1296 4192 Graecae
1328 4103 1460 4192 condi-

1397 4273 1459 4334 tor
