<?xml version="1.0" encoding="UTF-8"?>
<!DOCTYPE html PUBLIC "-//W3C//DTD XHTML 1.0 Transitional//EN"
    "http://www.w3.org/TR/xhtml1/DTD/xhtml1-transitional.dtd">
<html xmlns="http://www.w3.org/1999/xhtml" xml:lang="en" lang="en">
 <head>
  <title>
</title>
<meta http-equiv="Content-Type" content="text/html;charset=utf-8" />
  <meta name='ocr-system' content='tesseract 3.04.00' />
  <meta name='ocr-capabilities' content='ocr_page ocr_carea ocr_par ocr_line ocrx_word'/>
</head>
<body>
  <div class='ocr_page' id='page_1' title='image "./manvelisphilaec00philgoog_0155.png"; bbox 0 0 3375 5384; ppageno 0'>
   <div class='ocr_carea' id='block_1_1' title="bbox 533 619 1195 732">
    <p class='ocr_par' dir='ltr' id='par_1_1' title="bbox 533 619 1195 732">
     <span class='ocr_line' id='line_1_1' title="bbox 533 619 1195 732; baseline 0.011 -38"><span class='ocrx_word' id='word_1_1' title='bbox 533 619 605 710; x_wconf 79' lang='lat' dir='ltr'>na</span> <span class='ocrx_word' id='word_1_2' title='bbox 653 620 908 703; x_wconf 74' lang='lat' dir='ltr'>trannin·</span> <span class='ocrx_word' id='word_1_3' title='bbox 1131 655 1195 732; x_wconf 57' lang='grc' dir='ltr'><em>Μ</em></span> 
     </span>
    </p>
   </div>
   <div class='ocr_carea' id='block_1_2' title="bbox 151 805 1183 4226">
    <p class='ocr_par' dir='ltr' id='par_1_2' title="bbox 151 805 1183 4226">
     <span class='ocr_line' id='line_1_2' title="bbox 182 805 1172 910; baseline -0.001 -22"><span class='ocrx_word' id='word_1_4' title='bbox 182 821 196 830; x_wconf 74' lang='grc'><strong>’</strong></span> <span class='ocrx_word' id='word_1_5' title='bbox 232 811 375 888; x_wconf 83' lang='lat' dir='ltr'>Donec</span> <span class='ocrx_word' id='word_1_6' title='bbox 403 816 546 910; x_wconf 79' lang='lat' dir='ltr'>impetur</span> <span class='ocrx_word' id='word_1_7' title='bbox 570 814 656 884; x_wconf 83' lang='lat' dir='ltr'>meri</span> <span class='ocrx_word' id='word_1_8' title='bbox 679 805 870 884; x_wconf 66' lang='lat' dir='ltr'>decoctione</span> <span class='ocrx_word' id='word_1_9' title='bbox 892 805 1104 907; x_wconf 79' lang='lat' dir='ltr'>deferbuerit,</span> <span class='ocrx_word' id='word_1_10' title='bbox 1168 841 1172 859; x_wconf 73' lang='lat'>¹</span> 
     </span>
     <span class='ocr_line' id='line_1_3' title="bbox 232 911 1028 1018; baseline 0 -26"><span class='ocrx_word' id='word_1_11' title='bbox 232 925 297 992; x_wconf 84' lang='lat' dir='ltr'>Ae</span> <span class='ocrx_word' id='word_1_12' title='bbox 327 915 411 986; x_wconf 80' lang='lat' dir='ltr'>bibit</span> <span class='ocrx_word' id='word_1_13' title='bbox 436 911 548 1016; x_wconf 86' lang='lat' dir='ltr'>possea</span> <span class='ocrx_word' id='word_1_14' title='bbox 573 911 707 987; x_wconf 86' lang='lat' dir='ltr'>demum</span> <span class='ocrx_word' id='word_1_15' title='bbox 729 920 863 988; x_wconf 76' lang='lat' dir='ltr'>vinum?</span> <span class='ocrx_word' id='word_1_16' title='bbox 889 913 941 1000; x_wconf 86' lang='lat' dir='ltr'>die</span> <span class='ocrx_word' id='word_1_17' title='bbox 959 941 1028 1018; x_wconf 83' lang='lat' dir='ltr'>age.</span> 
     </span>
     <span class='ocr_line' id='line_1_4' title="bbox 230 1015 1183 1128; baseline 0.002 -34"><span class='ocrx_word' id='word_1_18' title='bbox 230 1015 426 1108; x_wconf 75' lang='lat' dir='ltr'>Profedio,</span> <span class='ocrx_word' id='word_1_19' title='bbox 452 1018 573 1121; x_wconf 84' lang='lat' dir='ltr'>inquit,</span> <span class='ocrx_word' id='word_1_20' title='bbox 600 1015 797 1118; x_wconf 78' lang='lat' dir='ltr'>conspedio,</span> <span class='ocrx_word' id='word_1_21' title='bbox 821 1042 921 1119; x_wconf 86' lang='lat' dir='ltr'>quem</span> <span class='ocrx_word' id='word_1_22' title='bbox 936 1015 1075 1098; x_wconf 84' lang='lat' dir='ltr'>haedum</span> <span class='ocrx_word' id='word_1_23' title='bbox 1089 1031 1183 1128; x_wconf 79' lang='lat' dir='ltr'>igno·</span> 
     </span>
     <span class='ocr_line' id='line_1_5' title="bbox 427 1117 990 1212; baseline 0 -18"><span class='ocrx_word' id='word_1_24' title='bbox 427 1187 430 1194; x_wconf 93' lang='lat'>.</span> <span class='ocrx_word' id='word_1_25' title='bbox 676 1119 807 1211; x_wconf 84' lang='lat' dir='ltr'>rabam,</span> <span class='ocrx_word' id='word_1_26' title='bbox 842 1117 990 1212; x_wconf 88' lang='lat' dir='ltr'>surculo,</span> 
     </span>
     <span class='ocr_line' id='line_1_6' title="bbox 228 1219 1071 1328; baseline 0.001 -28"><span class='ocrx_word' id='word_1_27' title='bbox 228 1221 415 1300; x_wconf 80' lang='lat' dir='ltr'>Flexuosie</span> <span class='ocrx_word' id='word_1_28' title='bbox 436 1249 473 1296; x_wconf 80' lang='lat' dir='ltr'>ac</span> <span class='ocrx_word' id='word_1_29' title='bbox 497 1229 656 1297; x_wconf 82' lang='lat' dir='ltr'>contortis</span> <span class='ocrx_word' id='word_1_30' title='bbox 672 1219 839 1297; x_wconf 79' lang='lat' dir='ltr'>sarmentis</span> <span class='ocrx_word' id='word_1_31' title='bbox 864 1243 1032 1328; x_wconf 78' lang='lat' dir='ltr'>generato,</span> <span class='ocrx_word' id='word_1_32' title='bbox 1069 1313 1071 1320; x_wconf 21' lang='grc' dir='ltr'>Ι</span> 
     </span>
     <span class='ocr_line' id='line_1_7' title="bbox 227 1323 1178 1434; baseline 0.011 -29"><span class='ocrx_word' id='word_1_33' title='bbox 227 1334 364 1406; x_wconf 82' lang='lat' dir='ltr'>Putaui</span> <span class='ocrx_word' id='word_1_34' title='bbox 396 1323 608 1401; x_wconf 70' lang='lat' dir='ltr'>asciscendum</span> <span class='ocrx_word' id='word_1_35' title='bbox 631 1323 695 1400; x_wconf 82' lang='lat' dir='ltr'>esse</span> <span class='ocrx_word' id='word_1_36' title='bbox 723 1327 907 1431; x_wconf 79' lang='lat' dir='ltr'>magistram</span> <span class='ocrx_word' id='word_1_37' title='bbox 931 1338 1178 1434; x_wconf 75' lang='lat' dir='ltr'>experientiam.</span> 
     </span>
     <span class='ocr_line' id='line_1_8' title="bbox 225 1428 1166 1536; baseline 0.007 -32"><span class='ocrx_word' id='word_1_38' title='bbox 225 1437 351 1536; x_wconf 82' lang='lat' dir='ltr'><strong>Igitur</strong></span> <span class='ocrx_word' id='word_1_39' title='bbox 371 1431 461 1505; x_wconf 80' lang='lat' dir='ltr'>velut</span> <span class='ocrx_word' id='word_1_40' title='bbox 485 1437 584 1507; x_wconf 82' lang='lat' dir='ltr'>matri</span> <span class='ocrx_word' id='word_1_41' title='bbox 608 1428 712 1504; x_wconf 87' lang='lat' dir='ltr'>reddo</span> <span class='ocrx_word' id='word_1_42' title='bbox 738 1451 841 1508; x_wconf 87' lang='lat' dir='ltr'>terrae</span> <span class='ocrx_word' id='word_1_43' title='bbox 859 1429 1041 1510; x_wconf 85' lang='lat' dir='ltr'>surculum:</span> <span class='ocrx_word' id='word_1_44' title='bbox 1163 1443 1166 1452; x_wconf 82' lang='grc'>’</span> 
     </span>
     <span class='ocr_line' id='line_1_9' title="bbox 226 1533 1086 1640; baseline 0.008 -33"><span class='ocrx_word' id='word_1_45' title='bbox 226 1539 335 1638; x_wconf 76' lang='lat' dir='ltr'>Quae</span> <span class='ocrx_word' id='word_1_46' title='bbox 367 1535 466 1608; x_wconf 88' lang='lat' dir='ltr'>veluti</span> <span class='ocrx_word' id='word_1_47' title='bbox 492 1533 634 1610; x_wconf 80' lang='lat' dir='ltr'>filiolum</span> <span class='ocrx_word' id='word_1_48' title='bbox 658 1535 763 1608; x_wconf 83' lang='lat' dir='ltr'>bonae</span> <span class='ocrx_word' id='word_1_49' title='bbox 788 1533 895 1640; x_wconf 77' lang='lat' dir='ltr'>fregit</span> <span class='ocrx_word' id='word_1_50' title='bbox 917 1539 1086 1640; x_wconf 68' lang='lat' dir='ltr'>complexa</span> 
     </span>
     <span class='ocr_line' id='line_1_10' title="bbox 222 1633 866 1726; baseline 0.002 -14"><span class='ocrx_word' id='word_1_51' title='bbox 222 1637 395 1714; x_wconf 84' lang='lat' dir='ltr'>Praebuit</span> <span class='ocrx_word' id='word_1_52' title='bbox 418 1645 448 1710; x_wconf 87' lang='lat' dir='ltr'>ei</span> <span class='ocrx_word' id='word_1_53' title='bbox 472 1633 583 1712; x_wconf 81' lang='lat' dir='ltr'>succos</span> <span class='ocrx_word' id='word_1_54' title='bbox 603 1664 642 1712; x_wconf 85' lang='lat' dir='ltr'>ex</span> <span class='ocrx_word' id='word_1_55' title='bbox 662 1637 723 1712; x_wconf 82' lang='lat' dir='ltr'>suo</span> <span class='ocrx_word' id='word_1_56' title='bbox 743 1637 866 1726; x_wconf 77' lang='lat' dir='ltr'>fundo,</span> 
     </span>
     <span class='ocr_line' id='line_1_11' title="bbox 222 1739 802 1845; baseline 0.002 -30"><span class='ocrx_word' id='word_1_57' title='bbox 222 1739 305 1845; x_wconf 88' lang='lat' dir='ltr'>Ipse</span> <span class='ocrx_word' id='word_1_58' title='bbox 327 1768 418 1833; x_wconf 34' lang='lat' dir='ltr'>vero(</span> <span class='ocrx_word' id='word_1_59' title='bbox 440 1739 518 1814; x_wconf 86' lang='lat' dir='ltr'>inde</span> <span class='ocrx_word' id='word_1_60' title='bbox 542 1747 650 1816; x_wconf 83' lang='lat' dir='ltr'>anima</span> <span class='ocrx_word' id='word_1_61' title='bbox 672 1764 802 1844; x_wconf 83' lang='lat' dir='ltr'>recepta</span> 
     </span>
     <span class='ocr_line' id='line_1_12' title="bbox 172 1839 1174 1950; baseline 0 -30"><span class='ocrx_word' id='word_1_62' title='bbox 172 1889 176 1896; x_wconf 96' lang='lat'>-</span> <span class='ocrx_word' id='word_1_63' title='bbox 220 1850 366 1927; x_wconf 84' lang='lat' dir='ltr'>vinens</span> <span class='ocrx_word' id='word_1_64' title='bbox 396 1841 502 1920; x_wconf 79' lang='lat' dir='ltr'>rursus</span> <span class='ocrx_word' id='word_1_65' title='bbox 535 1843 665 1934; x_wconf 83' lang='lat' dir='ltr'>existit,</span> <span class='ocrx_word' id='word_1_66' title='bbox 703 1855 760 1949; x_wconf 84' lang='lat' dir='ltr'>qni</span> <span class='ocrx_word' id='word_1_67' title='bbox 791 1871 897 1950; x_wconf 87' lang='lat' dir='ltr'>prope</span> <span class='ocrx_word' id='word_1_68' title='bbox 929 1839 1038 1922; x_wconf 83' lang='lat' dir='ltr'>suerat</span> <span class='ocrx_word' id='word_1_69' title='bbox 1070 1863 1174 1922; x_wconf 79' lang='lat' dir='ltr'>torre·</span> 
     </span>
     <span class='ocr_line' id='line_1_13' title="bbox 802 1946 925 2038; baseline -0.024 -15"><span class='ocrx_word' id='word_1_70' title='bbox 802 1946 925 2038; x_wconf 69' lang='lat' dir='ltr'>fassus,</span> 
     </span>
     <span class='ocr_line' id='line_1_14' title="bbox 221 2047 1067 2153; baseline -0.012 -21"><span class='ocrx_word' id='word_1_71' title='bbox 221 2057 393 2152; x_wconf 78' lang='lat' dir='ltr'>Fecitqne</span> <span class='ocrx_word' id='word_1_72' title='bbox 408 2057 570 2153; x_wconf 76' lang='lat' dir='ltr'>genuina,</span> <span class='ocrx_word' id='word_1_73' title='bbox 589 2070 623 2126; x_wconf 85' lang='lat' dir='ltr'>et</span> <span class='ocrx_word' id='word_1_74' title='bbox 638 2047 766 2124; x_wconf 84' lang='lat' dir='ltr'>videtur</span> <span class='ocrx_word' id='word_1_75' title='bbox 780 2078 858 2152; x_wconf 85' lang='lat' dir='ltr'>prae</span> <span class='ocrx_word' id='word_1_76' title='bbox 874 2047 1067 2125; x_wconf 81' lang='lat' dir='ltr'>temulentia</span> 
     </span>
     <span class='ocr_line' id='line_1_15' title="bbox 151 2149 1115 2260; baseline 0 -32"><span class='ocrx_word' id='word_1_77' title='bbox 151 2215 157 2228; x_wconf 87' lang='lat'><strong>.</strong></span> <span class='ocrx_word' id='word_1_78' title='bbox 223 2155 399 2233; x_wconf 83' lang='lat' dir='ltr'>Celeriter</span> <span class='ocrx_word' id='word_1_79' title='bbox 421 2181 461 2228; x_wconf 83' lang='lat' dir='ltr'>ex</span> <span class='ocrx_word' id='word_1_80' title='bbox 480 2149 632 2228; x_wconf 87' lang='lat' dir='ltr'>materno</span> <span class='ocrx_word' id='word_1_81' title='bbox 652 2162 781 2260; x_wconf 84' lang='lat' dir='ltr'>gremio</span> <span class='ocrx_word' id='word_1_82' title='bbox 801 2161 837 2228; x_wconf 89' lang='lat' dir='ltr'>in</span> <span class='ocrx_word' id='word_1_83' title='bbox 860 2151 969 2232; x_wconf 75' lang='lat' dir='ltr'>aerem</span> <span class='ocrx_word' id='word_1_84' title='bbox 989 2149 1115 2258; x_wconf 74' lang='lat' dir='ltr'>fugere.</span> 
     </span>
     <span class='ocr_line' id='line_1_16' title="bbox 221 2255 950 2363; baseline -0.008 -26"><span class='ocrx_word' id='word_1_85' title='bbox 221 2265 305 2363; x_wconf 84' lang='lat' dir='ltr'>Ego</span> <span class='ocrx_word' id='word_1_86' title='bbox 328 2278 443 2332; x_wconf 86' lang='lat' dir='ltr'>autem</span> <span class='ocrx_word' id='word_1_87' title='bbox 465 2255 580 2358; x_wconf 82' lang='lat' dir='ltr'><strong>subigo</strong></span> <span class='ocrx_word' id='word_1_88' title='bbox 602 2267 636 2330; x_wconf 79' lang='lat' dir='ltr'>e‘t</span> <span class='ocrx_word' id='word_1_89' title='bbox 657 2284 790 2332; x_wconf 87' lang='lat' dir='ltr'>eomam</span> <span class='ocrx_word' id='word_1_90' title='bbox 811 2257 950 2352; x_wconf 81' lang='lat' dir='ltr'>vellieo,</span> 
     </span>
     <span class='ocr_line' id='line_1_17' title="bbox 223 2357 789 2464; baseline 0.004 -27"><span class='ocrx_word' id='word_1_91' title='bbox 223 2361 272 2437; x_wconf 85' lang='lat' dir='ltr'>Vt</span> <span class='ocrx_word' id='word_1_92' title='bbox 295 2360 463 2464; x_wconf 75' lang='lat' dir='ltr'>fugitiuus</span> <span class='ocrx_word' id='word_1_93' title='bbox 488 2381 578 2437; x_wconf 82' lang='lat' dir='ltr'>retro</span> <span class='ocrx_word' id='word_1_94' title='bbox 602 2357 789 2440; x_wconf 80' lang='lat' dir='ltr'>deducatur.</span> 
     </span>
     <span class='ocr_line' id='line_1_18' title="bbox 221 2460 1113 2564; baseline -0.004 -26"><span class='ocrx_word' id='word_1_95' title='bbox 221 2468 328 2540; x_wconf 86' lang='lat' dir='ltr'>Breui</span> <span class='ocrx_word' id='word_1_96' title='bbox 354 2487 504 2563; x_wconf 88' lang='lat' dir='ltr'>tempore</span> <span class='ocrx_word' id='word_1_97' title='bbox 525 2460 598 2562; x_wconf 82' lang='lat' dir='ltr'>poss</span> <span class='ocrx_word' id='word_1_98' title='bbox 618 2481 726 2564; x_wconf 85' lang='lat' dir='ltr'>turget</span> <span class='ocrx_word' id='word_1_99' title='bbox 746 2463 852 2538; x_wconf 84' lang='lat' dir='ltr'>etiam</span> <span class='ocrx_word' id='word_1_100' title='bbox 870 2461 1113 2564; x_wconf 71' lang='lat' dir='ltr'>propaginibus,</span> 
     </span>
     <span class='ocr_line' id='line_1_19' title="bbox 220 2563 1061 2674; baseline -0.002 -33"><span class='ocrx_word' id='word_1_101' title='bbox 220 2575 344 2674; x_wconf 71' lang='lat' dir='ltr'>Qua,</span> <span class='ocrx_word' id='word_1_102' title='bbox 376 2585 412 2640; x_wconf 87' lang='lat' dir='ltr'>vt</span> <span class='ocrx_word' id='word_1_103' title='bbox 430 2564 622 2666; x_wconf 78' lang='lat' dir='ltr'>superfluae,</span> <span class='ocrx_word' id='word_1_104' title='bbox 652 2563 802 2638; x_wconf 83' lang='lat' dir='ltr'>exscindo</span> <span class='ocrx_word' id='word_1_105' title='bbox 826 2585 858 2639; x_wconf 89' lang='lat' dir='ltr'>et</span> <span class='ocrx_word' id='word_1_106' title='bbox 882 2565 1061 2640; x_wconf 86' lang='lat' dir='ltr'>comburo:</span> 
     </span>
     <span class='ocr_line' id='line_1_20' title="bbox 219 2647 965 2770; baseline -0.009 -23"><span class='ocrx_word' id='word_1_107' title='bbox 219 2676 326 2747; x_wconf 87' lang='lat' dir='ltr'>Tum</span> <span class='ocrx_word' id='word_1_108' title='bbox 349 2671 435 2744; x_wconf 84' lang='lat' dir='ltr'>fiunt</span> <span class='ocrx_word' id='word_1_109' title='bbox 458 2673 623 2770; x_wconf 82' lang='lat' dir='ltr'>pampini,</span> <span class='ocrx_word' id='word_1_110' title='bbox 647 2647 776 2768; x_wconf 85' lang='lat' dir='ltr'>piantae</span> <span class='ocrx_word' id='word_1_111' title='bbox 799 2674 965 2770; x_wconf 77' lang='lat' dir='ltr'>tegmina„</span> 
     </span>
     <span class='ocr_line' id='line_1_21' title="bbox 220 2769 903 2869; baseline -0.006 -19"><span class='ocrx_word' id='word_1_112' title='bbox 220 2779 267 2850; x_wconf 82' lang='lat' dir='ltr'>Et</span> <span class='ocrx_word' id='word_1_113' title='bbox 294 2801 366 2846; x_wconf 86' lang='lat' dir='ltr'>vua</span> <span class='ocrx_word' id='word_1_114' title='bbox 388 2771 494 2846; x_wconf 79' lang='lat' dir='ltr'>statim</span> <span class='ocrx_word' id='word_1_115' title='bbox 520 2777 557 2844; x_wconf 91' lang='lat' dir='ltr'>in</span> <span class='ocrx_word' id='word_1_116' title='bbox 582 2769 717 2869; x_wconf 74' lang='lat' dir='ltr'>palmite</span> <span class='ocrx_word' id='word_1_117' title='bbox 736 2769 903 2858; x_wconf 80' lang='lat' dir='ltr'>formatur</span> 
     </span>
     <span class='ocr_line' id='line_1_22' title="bbox 221 2869 1123 2977; baseline -0.008 -25"><span class='ocrx_word' id='word_1_118' title='bbox 221 2876 365 2952; x_wconf 85' lang='lat' dir='ltr'>Prorsus</span> <span class='ocrx_word' id='word_1_119' title='bbox 388 2876 502 2949; x_wconf 81' lang='lat' dir='ltr'>acerba</span> <span class='ocrx_word' id='word_1_120' title='bbox 523 2875 667 2976; x_wconf 73' lang='lat' dir='ltr'>gustatu,</span> <span class='ocrx_word' id='word_1_121' title='bbox 692 2873 801 2977; x_wconf 81' lang='lat' dir='ltr'>aspera</span> <span class='ocrx_word' id='word_1_122' title='bbox 820 2897 852 2949; x_wconf 83' lang='lat' dir='ltr'>et</span> <span class='ocrx_word' id='word_1_123' title='bbox 869 2869 1004 2949; x_wconf 84' lang='lat' dir='ltr'>acetosa.</span> <span class='ocrx_word' id='word_1_124' title='bbox 1120 2962 1123 2972; x_wconf 35' lang='grc'><strong>,</strong></span> 
     </span>
     <span class='ocr_line' id='line_1_23' title="bbox 221 2966 1161 3058; baseline -0.013 0"><span class='ocrx_word' id='word_1_125' title='bbox 221 2981 363 3058; x_wconf 81' lang='lat' dir='ltr'>Deinde</span> <span class='ocrx_word' id='word_1_126' title='bbox 382 3008 459 3055; x_wconf 90' lang='lat' dir='ltr'>cum</span> <span class='ocrx_word' id='word_1_127' title='bbox 477 2979 576 3056; x_wconf 80' lang='lat' dir='ltr'>video</span> <span class='ocrx_word' id='word_1_128' title='bbox 595 2976 726 3056; x_wconf 81' lang='lat' dir='ltr'>foetum</span> <span class='ocrx_word' id='word_1_129' title='bbox 740 2966 805 3054; x_wconf 76' lang='lat' dir='ltr'>esse</span> <span class='ocrx_word' id='word_1_130' title='bbox 820 2996 984 3056; x_wconf 83' lang='lat' dir='ltr'>maturum</span> <span class='ocrx_word' id='word_1_131' title='bbox 1000 2993 1032 3050; x_wconf 75' lang='lat' dir='ltr'>et</span> <span class='ocrx_word' id='word_1_132' title='bbox 1046 2971 1161 3050; x_wconf 74' lang='lat' dir='ltr'>colore</span> 
     </span>
     <span class='ocr_line' id='line_1_24' title="bbox 399 3083 922 3156; baseline -0.01 3"><span class='ocrx_word' id='word_1_133' title='bbox 399 3121 403 3125; x_wconf 95' lang='lat'>·</span> <span class='ocrx_word' id='word_1_134' title='bbox 779 3083 922 3156; x_wconf 73' lang='lat' dir='ltr'>tindium</span> 
     </span>
     <span class='ocr_line' id='line_1_25' title="bbox 173 3177 1157 3290; baseline -0.011 -28"><span class='ocrx_word' id='word_1_135' title='bbox 173 3267 176 3273; x_wconf 67' lang='grc'><em>,</em></span> <span class='ocrx_word' id='word_1_136' title='bbox 222 3192 403 3290; x_wconf 83' lang='lat' dir='ltr'>Vuamque</span> <span class='ocrx_word' id='word_1_137' title='bbox 427 3195 494 3262; x_wconf 79' lang='lat' dir='ltr'>inm</span> <span class='ocrx_word' id='word_1_138' title='bbox 516 3203 709 3290; x_wconf 80' lang='lat' dir='ltr'>promptam</span> <span class='ocrx_word' id='word_1_139' title='bbox 733 3183 773 3258; x_wconf 89' lang='lat' dir='ltr'>ad</span> <span class='ocrx_word' id='word_1_140' title='bbox 794 3183 910 3264; x_wconf 69' lang='lat' dir='ltr'>nediar</span> <span class='ocrx_word' id='word_1_141' title='bbox 930 3177 1157 3266; x_wconf 85' lang='lat' dir='ltr'>emittendum,</span> 
     </span>
     <span class='ocr_line' id='line_1_26' title="bbox 222 3281 1131 3394; baseline -0.011 -30"><span class='ocrx_word' id='word_1_142' title='bbox 222 3294 381 3394; x_wconf 73' lang='lat' dir='ltr'>Deceppo</span> <span class='ocrx_word' id='word_1_143' title='bbox 395 3291 549 3394; x_wconf 88' lang='lat' dir='ltr'>quicquid</span> <span class='ocrx_word' id='word_1_144' title='bbox 570 3289 702 3366; x_wconf 83' lang='lat' dir='ltr'>occultis</span> <span class='ocrx_word' id='word_1_145' title='bbox 720 3287 867 3392; x_wconf 83' lang='lat' dir='ltr'>igniculis</span> <span class='ocrx_word' id='word_1_146' title='bbox 881 3288 1069 3390; x_wconf 72' lang='lat' dir='ltr'>petendum</span> <span class='ocrx_word' id='word_1_147' title='bbox 1085 3281 1131 3356; x_wconf 81' lang='lat' dir='ltr'>eii</span> 
     </span>
     <span class='ocr_line' id='line_1_27' title="bbox 223 3389 1156 3498; baseline -0.008 -31"><span class='ocrx_word' id='word_1_148' title='bbox 223 3397 266 3468; x_wconf 91' lang='lat' dir='ltr'>Et</span> <span class='ocrx_word' id='word_1_149' title='bbox 288 3393 484 3498; x_wconf 88' lang='lat' dir='ltr'>decerptum</span> <span class='ocrx_word' id='word_1_150' title='bbox 507 3393 642 3498; x_wconf 80' lang='lat' dir='ltr'>pedibus</span> <span class='ocrx_word' id='word_1_151' title='bbox 665 3391 791 3478; x_wconf 58' lang='lat' dir='ltr'>eniens</span> <span class='ocrx_word' id='word_1_152' title='bbox 812 3389 977 3466; x_wconf 81' lang='lat' dir='ltr'>vtsncens</span> <span class='ocrx_word' id='word_1_153' title='bbox 1000 3389 1156 3462; x_wconf 77' lang='lat' dir='ltr'>dimanet.</span> 
     </span>
     <span class='ocr_line' id='line_1_28' title="bbox 222 3493 1085 3602; baseline -0.005 -32"><span class='ocrx_word' id='word_1_154' title='bbox 222 3501 272 3572; x_wconf 82' lang='lat' dir='ltr'>Ita</span> <span class='ocrx_word' id='word_1_155' title='bbox 294 3501 378 3574; x_wconf 85' lang='lat' dir='ltr'>vero</span> <span class='ocrx_word' id='word_1_156' title='bbox 399 3520 565 3602; x_wconf 87' lang='lat' dir='ltr'>acceptum</span> <span class='ocrx_word' id='word_1_157' title='bbox 585 3506 699 3574; x_wconf 79' lang='lat' dir='ltr'>vinum</span> <span class='ocrx_word' id='word_1_158' title='bbox 723 3525 794 3572; x_wconf 89' lang='lat' dir='ltr'>non</span> <span class='ocrx_word' id='word_1_159' title='bbox 816 3497 923 3571; x_wconf 81' lang='lat' dir='ltr'>statim</span> <span class='ocrx_word' id='word_1_160' title='bbox 941 3493 1037 3584; x_wconf 90' lang='lat' dir='ltr'>bibo,</span> <span class='ocrx_word' id='word_1_161' title='bbox 1078 3579 1085 3594; x_wconf 81' lang='lat'><em>.</em></span> 
     </span>
     <span class='ocr_line' id='line_1_29' title="bbox 221 3591 1129 3701; baseline -0.013 -21"><span class='ocrx_word' id='word_1_162' title='bbox 221 3602 305 3680; x_wconf 89' lang='lat' dir='ltr'>Non</span> <span class='ocrx_word' id='word_1_163' title='bbox 326 3609 418 3676; x_wconf 86' lang='lat' dir='ltr'>enim</span> <span class='ocrx_word' id='word_1_164' title='bbox 439 3600 620 3701; x_wconf 76' lang='lat' dir='ltr'>sufficerem</span> <span class='ocrx_word' id='word_1_165' title='bbox 657 3594 807 3696; x_wconf 75' lang='lat' dir='ltr'>aduersua</span> <span class='ocrx_word' id='word_1_166' title='bbox 838 3620 907 3673; x_wconf 85' lang='lat' dir='ltr'>tam</span> <span class='ocrx_word' id='word_1_167' title='bbox 930 3591 1066 3683; x_wconf 75' lang='lat' dir='ltr'>crassum</span> <span class='ocrx_word' id='word_1_168' title='bbox 1089 3592 1129 3668; x_wconf 81' lang='lat' dir='ltr'>li-</span> 
     </span>
     <span class='ocr_line' id='line_1_30' title="bbox 560 3729 1121 3804; baseline -0.004 -27"><span class='ocrx_word' id='word_1_169' title='bbox 560 3778 565 3792; x_wconf 64' lang='lat'>,</span> <span class='ocrx_word' id='word_1_170' title='bbox 767 3729 921 3804; x_wconf 86' lang='lat' dir='ltr'>quorem,</span> <span class='ocrx_word' id='word_1_171' title='bbox 992 3779 994 3784; x_wconf 67' lang='grc'>,</span> <span class='ocrx_word' id='word_1_172' title='bbox 1120 3781 1121 3786; x_wconf 64' lang='lat'>,</span> 
     </span>
     <span class='ocr_line' id='line_1_31' title="bbox 222 3795 1152 3884; baseline -0.002 -4"><span class='ocrx_word' id='word_1_173' title='bbox 222 3805 365 3881; x_wconf 85' lang='lat' dir='ltr'>Etiamsi</span> <span class='ocrx_word' id='word_1_174' title='bbox 384 3805 524 3883; x_wconf 84' lang='lat' dir='ltr'>dulcedo</span> <span class='ocrx_word' id='word_1_175' title='bbox 549 3834 603 3884; x_wconf 90' lang='lat' dir='ltr'>me</span> <span class='ocrx_word' id='word_1_176' title='bbox 624 3813 739 3884; x_wconf 88' lang='lat' dir='ltr'>innitet</span> <span class='ocrx_word' id='word_1_177' title='bbox 761 3805 803 3880; x_wconf 88' lang='lat' dir='ltr'>ad</span> <span class='ocrx_word' id='word_1_178' title='bbox 824 3832 905 3880; x_wconf 90' lang='lat' dir='ltr'>eum</span> <span class='ocrx_word' id='word_1_179' title='bbox 922 3795 1152 3884; x_wconf 78' lang='lat' dir='ltr'>hauriendum.</span> 
     </span>
     <span class='ocr_line' id='line_1_32' title="bbox 223 3910 1150 4008; baseline -0.009 -27"><span class='ocrx_word' id='word_1_180' title='bbox 223 3913 451 4003; x_wconf 82' lang='lat' dir='ltr'>Veruntamen</span> <span class='ocrx_word' id='word_1_181' title='bbox 468 3910 565 3984; x_wconf 84' lang='lat' dir='ltr'>video</span> <span class='ocrx_word' id='word_1_182' title='bbox 586 3918 672 3986; x_wconf 84' lang='lat' dir='ltr'>intua</span> <span class='ocrx_word' id='word_1_183' title='bbox 687 3911 831 3986; x_wconf 85' lang='lat' dir='ltr'>habitare</span> <span class='ocrx_word' id='word_1_184' title='bbox 850 3933 957 3984; x_wconf 87' lang='lat' dir='ltr'>acrem</span> <span class='ocrx_word' id='word_1_185' title='bbox 973 3910 1150 4008; x_wconf 68' lang='lat' dir='ltr'>gigantem,</span> 
     </span>
     <span class='ocr_line' id='line_1_33' title="bbox 223 4013 1007 4116; baseline -0.003 -32"><span class='ocrx_word' id='word_1_186' title='bbox 223 4017 327 4088; x_wconf 78' lang='lat' dir='ltr'>Cuius</span> <span class='ocrx_word' id='word_1_187' title='bbox 350 4013 502 4090; x_wconf 87' lang='lat' dir='ltr'>furorem</span> <span class='ocrx_word' id='word_1_188' title='bbox 522 4039 658 4104; x_wconf 77' lang='lat' dir='ltr'>vereor,</span> <span class='ocrx_word' id='word_1_189' title='bbox 681 4013 832 4088; x_wconf 88' lang='lat' dir='ltr'>nondum</span> <span class='ocrx_word' id='word_1_190' title='bbox 849 4028 1007 4116; x_wconf 81' lang='lat' dir='ltr'>expertus.</span> 
     </span>
     <span class='ocr_line' id='line_1_34' title="bbox 226 4107 1151 4226; baseline -0.009 -37"><span class='ocrx_word' id='word_1_191' title='bbox 226 4119 313 4194; x_wconf 85' lang='lat' dir='ltr'>Cum</span> <span class='ocrx_word' id='word_1_192' title='bbox 327 4145 407 4195; x_wconf 82' lang='lat' dir='ltr'>nero</span> <span class='ocrx_word' id='word_1_193' title='bbox 427 4123 570 4226; x_wconf 73' lang='lat' dir='ltr'>pruritui</span> <span class='ocrx_word' id='word_1_194' title='bbox 583 4122 652 4191; x_wconf 79' lang='lat' dir='ltr'>eius</span> <span class='ocrx_word' id='word_1_195' title='bbox 666 4115 753 4192; x_wconf 82' lang='lat' dir='ltr'>aeiiu</span> <span class='ocrx_word' id='word_1_196' title='bbox 765 4113 919 4221; x_wconf 82' lang='lat' dir='ltr'>fatigatus</span> <span class='ocrx_word' id='word_1_197' title='bbox 934 4107 1151 4194; x_wconf 79' lang='lat' dir='ltr'>consenuerit,</span> 
     </span>
    </p>
   </div>
   <div class='ocr_carea' id='block_1_3' title="bbox 735 4331 1149 4438">
    <p class='ocr_par' dir='ltr' id='par_1_3' title="bbox 735 4331 1149 4438">
     <span class='ocr_line' id='line_1_35' title="bbox 735 4331 1149 4438; baseline -0.017 -28"><span class='ocrx_word' id='word_1_198' title='bbox 735 4342 817 4438; x_wconf 79' lang='lat'>1-13</span> <span class='ocrx_word' id='word_1_199' title='bbox 923 4364 947 4421; x_wconf 51' lang='grc' dir='ltr'><em>Α</em></span> <span class='ocrx_word' id='word_1_200' title='bbox 1022 4331 1149 4409; x_wconf 78' lang='lat' dir='ltr'>Sorbeo</span> 
     </span>
    </p>
   </div>
   <div class='ocr_carea' id='block_1_4' title="bbox 0 0 1692 5384">
    <p class='ocr_par' dir='ltr' id='par_1_4' title="bbox 0 0 1692 5384">
     <span class='ocr_line' id='line_1_36' title="bbox 0 0 1692 5384; baseline 0 2"><span class='ocrx_word' id='word_1_201' title='bbox 0 0 1692 5384; x_wconf 95' lang='lat' dir='ltr'> </span> 
     </span>
    </p>
   </div>
  </div>
 </body>
</html>
