3375 5384
518 728 588 804 nn
637 721 915 814 inaures„
1027 741 1031 751 ·
1079 715 1202 862 'ns‘

224 911 406 1024 Qromodo
429 920 618 1018 neutiquam
638 916 790 992 omnibus
809 917 875 991 illis'
897 943 977 994 unus
997 917 1152 1030 idemque

197 1089 202 1094 .
395 1107 400 1114 Ι
693 1016 788 1120 sapor
813 1023 881 1097 etl?
1043 1115 1046 1122 Ι

224 1129 294 1200 Hic
318 1128 408 1196 enirn
428 1120 525 1222 plane
549 1130 647 1197 variat
668 1119 842 1198 secundum
863 1126 989 1202 colores

225 1232 271 1300 Et
295 1223 470 1300 secundum
499 1225 595 1300 fituur
618 1233 653 1301 in
678 1232 744 1300 vite
774 1229 912 1304 mirifice
939 1235 1073 1307 uarium.
1145 1287 1151 1302 ,

225 1329 290 1406 Sed
313 1327 518 1432 opraefetfie
539 1356 629 1404 areae
658 1327 800 1404 salutaris

224 1439 270 1511 Et
296 1441 428 1521 vineae,
455 1460 517 1534 qua
538 1461 625 1510 nune
643 1432 806 1523 fruimur,
831 1433 986 1511 industrie
1000 1437 1125 1528 cultor,

224 1542 266 1612 Iu
290 1558 323 1611 te
345 1545 434 1610 euim
455 1565 529 1612 mea
553 1545 661 1612 oratio
688 1564 776 1636 nune
799 1540 913 1614 oculos
934 1551 1097 1615 conuertit
1105 1574 1116 1636 3
1193 1591 1196 1596 -

225 1645 284 1716 Tu
305 1637 438 1742 quidem
459 1640 582 1742 plantas
612 1638 774 1714 surculum
790 1650 826 1716 iu
850 1664 951 1718 terrae
967 1646 1105 1746 ungulo,
1155 1633 1160 1644 ⁵

224 1750 294 1828 Hic
309 1757 389 1822 'vero
402 1740 584 1846 progreffur
599 1752 635 1818 in
651 1743 799 1819 so'boletn
816 1745 997 1826 multarum
1012 1769 1155 1826 aetatum

225 1845 389 1926 Latiffune
406 1847 551 1933 extendit
575 1855 782 1950 porrexitque
804 1849 973 1950 palmites:

224 1960 270 2029 Et
280 1958 630 2024 nuucomnisanimans
639 1971 770 2054 totaque
778 1955 955 2028 homiuum
966 1953 1154 2030 uniuerfitae

223 2051 363 2131 I’offidet
379 2064 477 2128 vitem
497 2077 570 2130 tuae
591 2062 704 2129 vineae

226 2161 405 2262 Tanquam
426 2157 728 2247 medicamentum,
753 2160 941 2260 pedioribus
964 2157 1074 2234 valens
1098 2168 1156 2238 eii·

663 2288 735 2334 cere
767 2289 945 2339 aerumnas.

224 2369 343 2466 Ecquis
362 2369 463 2464 igitur
485 2384 610 2436 tantum
623 2364 749 2440 bonum
772 2365 992 2440 ntanifestauit
1019 2368 1099 2443 tibi?

161 2497 169 2505 ¹
225 2467 409 2572 Qomodo
438 2468 489 2538 tu*
503 2492 600 2540 uuam
631 2465 727 2539 timul
751 2467 851 2542 risam
875 2489 907 2542 et
934 2492 1099 2574 acceptam
1123 2490 1156 2548 et

309 2603 314 2612 ·
669 2570 839 2666 probatam

227 2679 375 2750 Scienter
393 2669 538 2771 decerpis
559 2689 591 2744 et
611 2669 710 2770 caleat
731 2691 763 2747 et
790 2666 1003 2774 comprimis,
1174 2759 1176 2766 q

227 2783 394 2878 Cogitque
417 2772 525 2846 baccae
541 2799 580 2846 ex
602 2779 700 2846 acinis
722 2772 787 2848 suia
816 2771 982 2848 effundere
1005 2783 1105 2862 riuos,

229 2879 441 2979 Conficisque
465 2875 522 2950 tibi
547 2899 666 2978 potum
699 2879 849 2952 mirifice
865 2877 1050 2980 liquidum?

229 2991 333 3060 Cuius
357 2977 498 3082 impulsu
523 2989 653 3054 vineam
681 2980 762 3054 colis

229 3091 315 3162 Mox
331 3081 638 3170 infitione,foffioue
651 3104 683 3157 et
697 3081 802 3156 rursus
818 3093 987 3186 putatione
1004 3080 1165 3187 palmitis,¹

229 3195 316 3266 Mox
330 3193 460 3262 caeteris
486 3189 639 3261 omnibus
660 3183 838 3261 necessariis
860 3191 1001 3263 artibus?

231 3301 370 3396 Oquam
384 3289 581 3393 praeclarum
599 3291 644 3364 est
661 3291 771 3364 audire
793 3311 942 3366 naturam
958 3287 1158 3390 magistram,
1225 3331 1235 3344 =

230 3391 383 3504 Quoad
402 3391 567 3499 sequentes
589 3399 750 3470 iuterieiii
771 3405 929 3497 temporis
950 3400 1158 3469 inventiones

661 3499 842 3600 plurimum
866 3499 1021 3574 contulit!

229 3607 320 3680 Num
336 3620 371 3674 tu
387 3608 505 3702 igitur,
532 3597 695 3705 suppoiitu
719 3605 921 3676 manantibus
937 3603 1078 3678 fluentia
1089 3623 1159 3695 ore,

121 3765 126 3772 .
229 3705 380 3780 Mustum
398 3711 519 3803 appetis
538 3725 571 3775 et
596 3711 708 3778 vinum
722 3705 827 3779 statim
850 3706 929 3778 bibis
946 3705 1160 3792 indomitum,

230 3807 333 3912 Quod
355 3807 504 3877 noudum
526 3804 779 3882 fermentatione
803 3807 866 3880 vlla
889 3806 1063 3910 refriguit?

231 3922 284 3990 tiu
307 3917 416 4016 potius
438 3935 556 3997 omne,
577 3909 665 4012 quod
682 3911 758 3984 iude
775 3909 899 4004 defluit,
926 3911 1022 3986 doliis
1038 3907 1161 4017 condis,⁴

726 4017 764 4085 H
792 4041 811 4088 a
1037 4017 1160 4086 Donec

232 4245 288 4310 pro
305 4242 509 4304 emperiam,
530 4238 653 4296 eumque
668 4217 793 4280 ineertue
809 4219 875 4292 um,
897 4239 972 4282 anne
985 4220 1168 4304 retentione·

232 4307 362 4392 graeculi
381 4327 494 4373 metum
515 4305 709 4390 pronuncient
730 4305 835 4386 ἄκμων.

939 4549 949 4577 ,
1048 4471 1161 4550 Vota·
1271 4473 1273 4478 ’
