3375 5384
464 655 951 777 enarrarre·

233 851 400 938 mortale
412 849 626 959 Hamburgi
645 852 764 936 decus
779 867 821 936 et
833 878 943 959 meus
963 852 1174 965 quondam¹

236 975 408 1072 amicus,
448 997 540 1053 cum
562 973 603 1049 in
630 973 816 1051 Britannia
839 965 1160 1076 peregrinaretur,¹

237 1084 308 1177 fibi
340 1083 767 1192 descriptionalem
808 1084 934 1169 Philae
974 1092 1160 1191 carmina,

237 1200 503 1312 utaliquando
527 1203 670 1284 ederet.
734 1202 871 1285 Redux
897 1205 1161 1311 apographum

114 1363 115 1368 Ν
235 1320 350 1401 suum
370 1322 675 1401 communicauit
698 1346 791 1401 cum
807 1316 999 1422 Fabricio,
1028 1324 1094 1431 qui
1109 1347 1160 1401 ex

234 1460 287 1516 eo
301 1427 1159 1543 nonnulladiuulgauitinBibliothecaGraeca

236 1556 321 1633 imo
336 1556 486 1653 omnia,
502 1578 601 1661 quae
612 1550 854 1633 Wolfinnum
871 1571 1051 1658 ectypum
1067 1578 1160 1634 con-

237 1672 397 1771 tineret,
412 1686 560 1776 praeter
572 1668 654 1749 duo
668 1671 812 1753 nraiora
827 1673 1005 1769 carmina,
1021 1680 1161 1774 nempe.

240 1804 421 1894 quartum
435 1804 475 1865 et
489 1788 686 1894 quintum,
708 1782 854 1865 nostrae
871 1784 1030 1865 editioni
1045 1774 1162 1866 reserss

240 1919 338 1985 urta.
405 1901 600 2003 Indidem,
635 1897 713 1983 saue
745 1927 795 1982 ex
823 1897 1050 2001 Wolfiano,
1083 1896 1162 1985 siue

236 2013 524 2120 eFabrieiano,
550 2016 695 2104 eadem
722 2015 832 2123 plane
863 2013 1075 2105 diradare·
1094 2012 1161 2095 fibi

238 2132 339 2217 olim
349 2131 541 2241 descripsit
554 2131 834 2217 Celeberrimos
843 2132 1161 2217 Hunraniffimu&

202 2333 206 2341 ,
238 2276 319 2359 quc
340 2254 396 2333 vir
426 2276 651 2333 nannenus
681 2276 846 2345 sauvar
884 2274 1161 2349 narrative,

241 2362 401 2448 Fabricii
419 2394 558 2471 gener,
586 2370 675 2475 qui,
689 2364 744 2447 'vt
761 2362 858 2447 solet
879 2365 974 2449 mihi
989 2369 1162 2473 meisque

237 2480 376 2561 studiis
398 2478 544 2580 fauere,
569 2482 683 2562 suum
696 2481 959 2587 apographum
971 2476 1165 2569 beneuole,

239 2594 340 2677 mihi
368 2594 560 2682 conectat.
625 2595 716 2675 lnde
743 2597 858 2699 igitur
887 2624 987 2681 nunc
1017 2601 1162 2703 primus

238 2709 344 2797 foras
365 2711 419 2792 do
435 2714 604 2797 carmina¹
622 2709 703 2791 duo
716 2706 852 2792 Philae.
892 2716 980 2793 'His
1001 2732 1165 2819 quatuor

241 2822 467 2927 desudavere
492 2824 618 2907 Philae
651 2823 879 2910 carminibus
900 2825 1044 2915 adiicio,
1062 2824 1165 2907 aliud

242 2943 451 3035 avanano
490 2942 719 3052 prorsusque
742 2945 959 3047 ignoratum
990 2966 1166 3051 carmen,

241 3063 393 3144 nollrae
409 3060 587 3142 editionis
606 3064 794 3165 primum,
822 3062 863 3141 in
887 3054 1165 3166 supralaudato

245 3177 383 3260 codice
405 3175 859 3285 Augustanorcpertum,
881 3174 993 3286 ¹quod
1010 3194 1167 3265 centum

244 3298 352 3377 annis
374 3296 564 3403 antiquius
583 3318 632 3375 eo
652 3312 828 3399 tempore
842 3292 1025 3398 scriptum
1045 3292 1098 3393 est
1119 3288 1172 3405 ab*

245 3411 388 3518 ignoto
405 3418 543 3518 polita,
577 3436 657 3519 quo
681 3407 815 3516 Cpolis
836 3408 963 3493 adhuc
984 3432 1005 3489 a
1027 3410 1167 3491 Latinis

245 3525 456 3609 tenebatur.
521 3526 682 3609 Caetera
705 3530 892 3624 carmina,
928 3550 1066 3630 nempe
1087 3524 1168 3607 sex·

249 3661 338 3723 tum
356 3670 474 3753 vsque
495 3640 544 3723 ad
565 3636 723 3727 tertium
744 3661 785 3723 et
797 3642 1016 3732 decimum,
1044 3638 1170 3723 aPlri·

243 3756 291 3847 -tr
308 3752 462 3840 audiere
482 3755 672 3865 probola,
702 3784 723 3843 a
743 3762 850 3841 variis
868 3756 1083 3841 editoribus.
1099 3756 1170 3837 du.-

248 3874 348 3961 dum
363 3872 533 3981 vulgata,
549 3868 612 3957 sed
623 3902 690 3982 per
705 3872 849 3957 multos
862 3873 978 3959 libros
996 3872 1171 3979 dispersa,

242 4016 300 4073 eo
326 3986 483 4073 consilio
501 3989 582 4099 illis
600 3991 761 4094 subieci,
787 4011 827 4075 vt
849 4010 889 4073 et
912 3988 1171 4072 emendatiora

242 4102 468 4215 prodirent,
489 4132 582 4187 cum
596 4133 721 4216 neque
738 4104 926 4189 Fabricius
940 4134 1063 4216 neque
1077 4103 1172 4189 alius

250 4221 348 4307 vllus
369 4218 583 4312 lectionum
605 4224 1175 4336 emendationem‘tentaoerint,

1094 4352 1096 4359 ’
1133 4356 1173 4419 at
