<?xml version="1.0" encoding="UTF-8"?>
<!DOCTYPE html PUBLIC "-//W3C//DTD XHTML 1.0 Transitional//EN"
    "http://www.w3.org/TR/xhtml1/DTD/xhtml1-transitional.dtd">
<html xmlns="http://www.w3.org/1999/xhtml" xml:lang="en" lang="en">
 <head>
  <title>
</title>
<meta http-equiv="Content-Type" content="text/html;charset=utf-8" />
  <meta name='ocr-system' content='tesseract 3.04.00' />
  <meta name='ocr-capabilities' content='ocr_page ocr_carea ocr_par ocr_line ocrx_word'/>
</head>
<body>
  <div class='ocr_page' id='page_1' title='image "./manvelisphilaec00philgoog_0109.png"; bbox 0 0 3375 5384; ppageno 0'>
   <div class='ocr_carea' id='block_1_1' title="bbox 529 613 1198 747">
    <p class='ocr_par' dir='ltr' id='par_1_1' title="bbox 529 613 1198 747">
     <span class='ocr_line' id='line_1_1' title="bbox 529 613 1198 747; baseline 0.006 -17"><span class='ocrx_word' id='word_1_1' title='bbox 529 613 944 732; x_wconf 66' lang='lat' dir='ltr'><strong>ancunmturug</strong></span> <span class='ocrx_word' id='word_1_2' title='bbox 1142 675 1198 747; x_wconf 68' lang='lat' dir='ltr'><strong>n</strong></span> 
     </span>
    </p>
   </div>
   <div class='ocr_carea' id='block_1_2' title="bbox 252 837 1288 1878">
    <p class='ocr_par' dir='ltr' id='par_1_2' title="bbox 252 837 1288 1766">
     <span class='ocr_line' id='line_1_2' title="bbox 252 837 1196 956; baseline 0.003 -29"><span class='ocrx_word' id='word_1_3' title='bbox 252 837 385 927; x_wconf 79' lang='lat' dir='ltr'><strong>&#39;mem</strong></span> <span class='ocrx_word' id='word_1_4' title='bbox 398 841 626 956; x_wconf 83' lang='lat' dir='ltr'><strong>confirmans</strong></span> <span class='ocrx_word' id='word_1_5' title='bbox 639 842 752 926; x_wconf 85' lang='lat' dir='ltr'><strong>Micb</strong></span> <span class='ocrx_word' id='word_1_6' title='bbox 765 841 906 942; x_wconf 86' lang='lat' dir='ltr'><strong>Psellus</strong></span> <span class='ocrx_word' id='word_1_7' title='bbox 921 841 1030 954; x_wconf 87' lang='lat' dir='ltr'><strong>apud</strong></span> <span class='ocrx_word' id='word_1_8' title='bbox 1035 843 1196 952; x_wconf 79' lang='lat' dir='ltr'><strong>Pagrum</strong></span> 
     </span>
     <span class='ocr_line' id='line_1_3' title="bbox 266 956 1195 1072; baseline 0 -30"><span class='ocrx_word' id='word_1_9' title='bbox 266 958 349 1042; x_wconf 79' lang='lat' dir='ltr'><strong>l.c</strong></span> <span class='ocrx_word' id='word_1_10' title='bbox 364 985 485 1068; x_wconf 80' lang='lat' dir='ltr'><strong>pag.3</strong></span> <span class='ocrx_word' id='word_1_11' title='bbox 465 985 525 1066; x_wconf 87' lang='grc'><strong>39</strong></span> <span class='ocrx_word' id='word_1_12' title='bbox 549 956 802 1068; x_wconf 69' lang='lat' dir='ltr'><strong>Mrarisubir,</strong></span> <span class='ocrx_word' id='word_1_13' title='bbox 837 965 982 1072; x_wconf 90' lang='lat' dir='ltr'><strong>inquit,</strong></span> <span class='ocrx_word' id='word_1_14' title='bbox 1011 963 1101 1069; x_wconf 81' lang='lat' dir='ltr'><strong>qaod</strong></span> <span class='ocrx_word' id='word_1_15' title='bbox 1121 989 1195 1042; x_wconf 85' lang='lat' dir='ltr'><strong>cnm</strong></span> 
     </span>
     <span class='ocr_line' id='line_1_4' title="bbox 266 1063 1195 1186; baseline 0.006 -30"><span class='ocrx_word' id='word_1_16' title='bbox 266 1081 455 1182; x_wconf 72' lang='lat' dir='ltr'><strong>imperator</strong></span> <span class='ocrx_word' id='word_1_17' title='bbox 468 1077 524 1184; x_wconf 81' lang='lat' dir='ltr'><strong>ſse</strong></span> <span class='ocrx_word' id='word_1_18' title='bbox 550 1063 757 1156; x_wconf 76' lang='lat' dir='ltr'><em>humaniores</em></span> <span class='ocrx_word' id='word_1_19' title='bbox 788 1075 917 1158; x_wconf 77' lang='lat' dir='ltr'><strong>litteras</strong></span> <span class='ocrx_word' id='word_1_20' title='bbox 947 1105 1132 1186; x_wconf 77' lang='lat' dir='ltr'><strong>omnemque</strong></span> <span class='ocrx_word' id='word_1_21' title='bbox 1157 1081 1195 1176; x_wconf 79' lang='lat' dir='ltr'><strong>t‘a</strong></span> 
     </span>
     <span class='ocr_line' id='line_1_5' title="bbox 265 1191 1194 1300; baseline 0.002 -28"><span class='ocrx_word' id='word_1_22' title='bbox 265 1196 316 1272; x_wconf 78' lang='lat' dir='ltr'><strong>iis</strong></span> <span class='ocrx_word' id='word_1_23' title='bbox 337 1192 487 1296; x_wconf 77' lang='lat' dir='ltr'><strong>diligent</strong></span> <span class='ocrx_word' id='word_1_24' title='bbox 473 1218 541 1270; x_wconf 87' lang='lat' dir='ltr'><strong>ram</strong></span> <span class='ocrx_word' id='word_1_25' title='bbox 557 1194 672 1299; x_wconf 84' lang='lat' dir='ltr'><strong>flocci</strong></span> <span class='ocrx_word' id='word_1_26' title='bbox 676 1191 832 1300; x_wconf 80' lang='lat' dir='ltr'><strong>faceret,</strong></span> <span class='ocrx_word' id='word_1_27' title='bbox 866 1193 959 1274; x_wconf 78' lang='lat' dir='ltr'><strong>laud</strong></span> <span class='ocrx_word' id='word_1_28' title='bbox 974 1199 1117 1300; x_wconf 83' lang='lat' dir='ltr'><strong>exiguus</strong></span> <span class='ocrx_word' id='word_1_29' title='bbox 1128 1219 1194 1298; x_wconf 76' lang='lat' dir='ltr'><strong>per</strong></span> 
     </span>
     <span class='ocr_line' id='line_1_6' title="bbox 261 1304 1194 1417; baseline 0.003 -29"><span class='ocrx_word' id='word_1_30' title='bbox 261 1304 361 1388; x_wconf 79' lang='lat' dir='ltr'><strong>illiue</strong></span> <span class='ocrx_word' id='word_1_31' title='bbox 383 1323 533 1413; x_wconf 82' lang='lat' dir='ltr'><strong>tempora</strong></span> <span class='ocrx_word' id='word_1_32' title='bbox 550 1305 822 1417; x_wconf 72' lang='lat' dir='ltr'><strong>philosophorum</strong></span> <span class='ocrx_word' id='word_1_33' title='bbox 853 1337 895 1388; x_wconf 88' lang='lat' dir='ltr'><strong>ac</strong></span> <span class='ocrx_word' id='word_1_34' title='bbox 916 1325 994 1391; x_wconf 76' lang='lat' dir='ltr'><strong>orat</strong></span> <span class='ocrx_word' id='word_1_35' title='bbox 993 1324 1086 1390; x_wconf 84' lang='lat' dir='ltr'><strong>oram</strong></span> <span class='ocrx_word' id='word_1_36' title='bbox 1107 1317 1194 1391; x_wconf 81' lang='lat' dir='ltr'><strong>exti-</strong></span> 
     </span>
     <span class='ocr_line' id='line_1_7' title="bbox 261 1422 1193 1534; baseline 0.009 -30"><span class='ocrx_word' id='word_1_37' title='bbox 261 1430 349 1505; x_wconf 73' lang='lat' dir='ltr'><strong>terit</strong></span> <span class='ocrx_word' id='word_1_38' title='bbox 366 1439 560 1529; x_wconf 77' lang='lat' dir='ltr'><strong>prouentus.</strong></span> <span class='ocrx_word' id='word_1_39' title='bbox 616 1422 765 1534; x_wconf 85' lang='lat' dir='ltr'><strong>Quodsi</strong></span> <span class='ocrx_word' id='word_1_40' title='bbox 783 1423 900 1534; x_wconf 71' lang='lat' dir='ltr'><strong>igitur</strong></span> <span class='ocrx_word' id='word_1_41' title='bbox 916 1423 1065 1510; x_wconf 78' lang='lat' dir='ltr'><strong>Basrlius</strong></span> <span class='ocrx_word' id='word_1_42' title='bbox 1089 1443 1193 1512; x_wconf 82' lang='lat' dir='ltr'><strong>tanta</strong></span> 
     </span>
     <span class='ocr_line' id='line_1_8' title="bbox 262 1537 1288 1652; baseline 0 -28"><span class='ocrx_word' id='word_1_43' title='bbox 262 1544 535 1624; x_wconf 84' lang='lat' dir='ltr'><strong>contemtione</strong></span> <span class='ocrx_word' id='word_1_44' title='bbox 563 1542 683 1627; x_wconf 88' lang='lat' dir='ltr'><strong>bonas</strong></span> <span class='ocrx_word' id='word_1_45' title='bbox 712 1559 810 1626; x_wconf 86' lang='lat' dir='ltr'><strong>artes</strong></span> <span class='ocrx_word' id='word_1_46' title='bbox 839 1540 1036 1652; x_wconf 86' lang='lat' dir='ltr'><strong>neglexit,</strong></span> <span class='ocrx_word' id='word_1_47' title='bbox 1070 1537 1193 1625; x_wconf 81' lang='lat' dir='ltr'><strong>verist·</strong></span> <span class='ocrx_word' id='word_1_48' title='bbox 1286 1617 1288 1624; x_wconf 13' lang='grc' dir='ltr'><em>Α</em></span> 
     </span>
     <span class='ocr_line' id='line_1_9' title="bbox 259 1655 1249 1766; baseline 0.002 -26"><span class='ocrx_word' id='word_1_49' title='bbox 259 1655 366 1740; x_wconf 85' lang='lat' dir='ltr'><strong>mile</strong></span> <span class='ocrx_word' id='word_1_50' title='bbox 391 1657 499 1765; x_wconf 83' lang='lat' dir='ltr'><strong>plane</strong></span> <span class='ocrx_word' id='word_1_51' title='bbox 518 1658 691 1763; x_wconf 84' lang='lat' dir='ltr'><strong>nonest,</strong></span> <span class='ocrx_word' id='word_1_52' title='bbox 719 1666 875 1766; x_wconf 77' lang='lat' dir='ltr'><strong>poetam</strong></span> <span class='ocrx_word' id='word_1_53' title='bbox 898 1657 1017 1743; x_wconf 91' lang='lat' dir='ltr'><strong>vllum</strong></span> <span class='ocrx_word' id='word_1_54' title='bbox 1036 1657 1193 1744; x_wconf 81' lang='lat' dir='ltr'><strong>voluisse</strong></span> <span class='ocrx_word' id='word_1_55' title='bbox 1244 1706 1249 1716; x_wconf 88' lang='lat'>·</span> 
     </span>
    </p>

    <p class='ocr_par' dir='ltr' id='par_1_3' title="bbox 260 1771 1193 1878">
     <span class='ocr_line' id='line_1_10' title="bbox 260 1771 1193 1878; baseline 0.001 -21"><span class='ocrx_word' id='word_1_56' title='bbox 260 1800 365 1857; x_wconf 89' lang='lat' dir='ltr'><strong>eum</strong></span> <span class='ocrx_word' id='word_1_57' title='bbox 378 1776 453 1858; x_wconf 89' lang='lat' dir='ltr'><strong>suis</strong></span> <span class='ocrx_word' id='word_1_58' title='bbox 469 1771 698 1871; x_wconf 76' lang='lat' dir='ltr'><strong>carminibus</strong></span> <span class='ocrx_word' id='word_1_59' title='bbox 713 1772 916 1878; x_wconf 88' lang='lat' dir='ltr'><strong>celebrare,</strong></span> <span class='ocrx_word' id='word_1_60' title='bbox 944 1793 1011 1858; x_wconf 87' lang='lat' dir='ltr'><strong>aut</strong></span> <span class='ocrx_word' id='word_1_61' title='bbox 1026 1801 1193 1876; x_wconf 85' lang='lat' dir='ltr'><strong>carmen,</strong></span> 
     </span>
    </p>
   </div>
   <div class='ocr_carea' id='block_1_3' title="bbox 261 1886 1393 2026">
    <p class='ocr_par' dir='ltr' id='par_1_4' title="bbox 261 1886 1393 2026">
     <span class='ocr_line' id='line_1_11' title="bbox 261 1886 1393 2026; baseline -0.014 -52"><span class='ocrx_word' id='word_1_62' title='bbox 261 1890 377 2026; x_wconf 82' lang='lat' dir='ltr'><strong>quod</strong></span> <span class='ocrx_word' id='word_1_63' title='bbox 397 1886 615 1996; x_wconf 71' lang='lat' dir='ltr'><strong>neglellum</strong></span> <span class='ocrx_word' id='word_1_64' title='bbox 641 1893 699 1975; x_wconf 91' lang='lat' dir='ltr'><strong>iri</strong></span> <span class='ocrx_word' id='word_1_65' title='bbox 715 1887 983 1998; x_wconf 86' lang='lat' dir='ltr'><strong>praeuidebat,</strong></span> <span class='ocrx_word' id='word_1_66' title='bbox 1010 1896 1091 1974; x_wconf 88' lang='lat' dir='ltr'><strong>eius</strong></span> <span class='ocrx_word' id='word_1_67' title='bbox 1121 1917 1191 1982; x_wconf 89' lang='lat' dir='ltr'><strong>no·</strong></span> <span class='ocrx_word' id='word_1_68' title='bbox 1266 1941 1267 1944; x_wconf 21' lang='lat' dir='ltr'><strong>r</strong></span> <span class='ocrx_word' id='word_1_69' title='bbox 1387 1951 1393 1958; x_wconf 92' lang='lat'>.</span> 
     </span>
    </p>
   </div>
   <div class='ocr_carea' id='block_1_4' title="bbox 259 2004 1272 2923">
    <p class='ocr_par' dir='ltr' id='par_1_5' title="bbox 259 2004 1272 2923">
     <span class='ocr_line' id='line_1_12' title="bbox 260 2004 1193 2092; baseline -0.001 -2"><span class='ocrx_word' id='word_1_70' title='bbox 260 2011 366 2090; x_wconf 91' lang='lat' dir='ltr'><strong>mini</strong></span> <span class='ocrx_word' id='word_1_71' title='bbox 385 2004 597 2089; x_wconf 85' lang='lat' dir='ltr'><strong>inscribere</strong></span> <span class='ocrx_word' id='word_1_72' title='bbox 668 2008 875 2092; x_wconf 80' lang='lat' dir='ltr'><strong>Caeterum</strong></span> <span class='ocrx_word' id='word_1_73' title='bbox 909 2008 993 2092; x_wconf 86' lang='lat' dir='ltr'><strong>istas</strong></span> <span class='ocrx_word' id='word_1_74' title='bbox 1020 2004 1193 2090; x_wconf 87' lang='lat' dir='ltr'><strong>stmilitu·</strong></span> 
     </span>
     <span class='ocr_line' id='line_1_13' title="bbox 262 2123 1192 2242; baseline -0.003 -35"><span class='ocrx_word' id='word_1_75' title='bbox 262 2123 397 2226; x_wconf 74' lang='lat' dir='ltr'><strong>dures,</strong></span> <span class='ocrx_word' id='word_1_76' title='bbox 440 2150 533 2234; x_wconf 88' lang='lat' dir='ltr'><strong>quas</strong></span> <span class='ocrx_word' id='word_1_77' title='bbox 557 2124 672 2229; x_wconf 89' lang='lat' dir='ltr'><strong>supra</strong></span> <span class='ocrx_word' id='word_1_78' title='bbox 698 2125 858 2233; x_wconf 85' lang='lat' dir='ltr'><strong>exposui</strong></span> <span class='ocrx_word' id='word_1_79' title='bbox 884 2142 924 2206; x_wconf 87' lang='lat' dir='ltr'><strong>et</strong></span> <span class='ocrx_word' id='word_1_80' title='bbox 945 2149 1176 2242; x_wconf 85' lang='lat' dir='ltr'><strong>quarum</strong></span> <span class='ocrx_word' id='word_1_81' title='bbox 1132 2151 1192 2204; x_wconf 87' lang='lat' dir='ltr'><strong>re</strong></span> 
     </span>
     <span class='ocr_line' id='line_1_14' title="bbox 260 2186 1191 2348; baseline 0 -26"><span class='ocrx_word' id='word_1_82' title='bbox 260 2186 400 2347; x_wconf 64' lang='lat' dir='ltr'><strong>spem}</strong></span> <span class='ocrx_word' id='word_1_83' title='bbox 421 2236 595 2322; x_wconf 78' lang='lat' dir='ltr'><strong>Bablium</strong></span> <span class='ocrx_word' id='word_1_84' title='bbox 616 2239 847 2348; x_wconf 82' lang='lat' dir='ltr'><strong>Porphyrog.</strong></span> <span class='ocrx_word' id='word_1_85' title='bbox 869 2267 962 2322; x_wconf 92' lang='lat' dir='ltr'><strong>cum</strong></span> <span class='ocrx_word' id='word_1_86' title='bbox 977 2237 1130 2322; x_wconf 90' lang='lat' dir='ltr'><strong>hocce</strong></span> <span class='ocrx_word' id='word_1_87' title='bbox 1118 2266 1191 2322; x_wconf 90' lang='lat' dir='ltr'><strong>un-</strong></span> 
     </span>
     <span class='ocr_line' id='line_1_15' title="bbox 260 2355 1190 2464; baseline 0.009 -31"><span class='ocrx_word' id='word_1_88' title='bbox 260 2373 444 2462; x_wconf 85' lang='lat' dir='ltr'><strong>peratore</strong></span> <span class='ocrx_word' id='word_1_89' title='bbox 465 2357 641 2436; x_wconf 84' lang='lat' dir='ltr'><strong>carminis</strong></span> <span class='ocrx_word' id='word_1_90' title='bbox 663 2358 875 2464; x_wconf 88' lang='lat' dir='ltr'><strong>comparari</strong></span> <span class='ocrx_word' id='word_1_91' title='bbox 898 2355 1001 2464; x_wconf 83' lang='lat' dir='ltr'><strong>posse</strong></span> <span class='ocrx_word' id='word_1_92' title='bbox 1030 2355 1190 2462; x_wconf 77' lang='lat' dir='ltr'><strong>ostendi,</strong></span> 
     </span>
     <span class='ocr_line' id='line_1_16' title="bbox 263 2465 1192 2584; baseline 0.005 -35"><span class='ocrx_word' id='word_1_93' title='bbox 263 2465 431 2580; x_wconf 87' lang='lat' dir='ltr'><strong>quilibet</strong></span> <span class='ocrx_word' id='word_1_94' title='bbox 459 2467 585 2569; x_wconf 87' lang='lat' dir='ltr'><strong>videt,</strong></span> <span class='ocrx_word' id='word_1_95' title='bbox 628 2473 786 2565; x_wconf 87' lang='lat' dir='ltr'><strong>minime</strong></span> <span class='ocrx_word' id='word_1_96' title='bbox 815 2470 907 2556; x_wconf 86' lang='lat' dir='ltr'><strong>tales</strong></span> <span class='ocrx_word' id='word_1_97' title='bbox 941 2471 1049 2576; x_wconf 84' lang='lat' dir='ltr'><strong>effe,</strong></span> <span class='ocrx_word' id='word_1_98' title='bbox 1098 2477 1192 2584; x_wconf 90' lang='lat' dir='ltr'><strong>quin</strong></span> 
     </span>
     <span class='ocr_line' id='line_1_17' title="bbox 263 2535 1272 2694; baseline 0.005 -28"><span class='ocrx_word' id='word_1_99' title='bbox 263 2604 309 2666; x_wconf 85' lang='lat' dir='ltr'><strong>et</strong></span> <span class='ocrx_word' id='word_1_100' title='bbox 339 2583 389 2665; x_wconf 90' lang='lat' dir='ltr'><strong>ad</strong></span> <span class='ocrx_word' id='word_1_101' title='bbox 418 2579 564 2664; x_wconf 88' lang='lat' dir='ltr'><strong>multos</strong></span> <span class='ocrx_word' id='word_1_102' title='bbox 603 2581 737 2665; x_wconf 88' lang='lat' dir='ltr'><strong>alios</strong></span> <span class='ocrx_word' id='word_1_103' title='bbox 724 2605 970 2694; x_wconf 74' lang='lat' dir='ltr'><strong>imperatores</strong></span> <span class='ocrx_word' id='word_1_104' title='bbox 1000 2535 1192 2673; x_wconf 81' lang='lat' dir='ltr'><strong>transferri</strong></span> <span class='ocrx_word' id='word_1_105' title='bbox 1267 2617 1272 2621; x_wconf 91' lang='grc'><strong><em>·</em></strong></span> 
     </span>
     <span class='ocr_line' id='line_1_18' title="bbox 263 2698 1192 2810; baseline 0.004 -28"><span class='ocrx_word' id='word_1_106' title='bbox 263 2716 429 2810; x_wconf 86' lang='lat' dir='ltr'><strong>queant:</strong></span> <span class='ocrx_word' id='word_1_107' title='bbox 460 2698 560 2782; x_wconf 91' lang='lat' dir='ltr'><strong>adeo</strong></span> <span class='ocrx_word' id='word_1_108' title='bbox 577 2717 622 2780; x_wconf 93' lang='lat' dir='ltr'><strong>ut</strong></span> <span class='ocrx_word' id='word_1_109' title='bbox 641 2699 715 2782; x_wconf 84' lang='lat' dir='ltr'><strong>istis</strong></span> <span class='ocrx_word' id='word_1_110' title='bbox 737 2700 945 2786; x_wconf 85' lang='lat' dir='ltr'><strong>rationibus</strong></span> <span class='ocrx_word' id='word_1_111' title='bbox 965 2729 985 2784; x_wconf 89' lang='lat' dir='ltr'><strong>a</strong></span> <span class='ocrx_word' id='word_1_112' title='bbox 1008 2703 1192 2792; x_wconf 87' lang='lat' dir='ltr'><strong>mutanda</strong></span> 
     </span>
     <span class='ocr_line' id='line_1_19' title="bbox 259 2812 1190 2923; baseline -0.005 -19"><span class='ocrx_word' id='word_1_113' title='bbox 259 2819 450 2904; x_wconf 85' lang='lat' dir='ltr'><strong>sententia</strong></span> <span class='ocrx_word' id='word_1_114' title='bbox 465 2813 640 2898; x_wconf 89' lang='lat' dir='ltr'><strong>reuocari</strong></span> <span class='ocrx_word' id='word_1_115' title='bbox 660 2812 797 2898; x_wconf 83' lang='lat' dir='ltr'><strong>debent</strong></span> <span class='ocrx_word' id='word_1_116' title='bbox 811 2843 939 2901; x_wconf 88' lang='lat' dir='ltr'><strong>nem0.</strong></span> <span class='ocrx_word' id='word_1_117' title='bbox 998 2819 1085 2898; x_wconf 87' lang='lat' dir='ltr'><strong>Est</strong></span> <span class='ocrx_word' id='word_1_118' title='bbox 1074 2822 1190 2923; x_wconf 73' lang='lat' dir='ltr'><strong>igitur</strong></span> 
     </span>
    </p>
   </div>
   <div class='ocr_carea' id='block_1_5' title="bbox 260 2928 1352 3048">
    <p class='ocr_par' dir='ltr' id='par_1_6' title="bbox 260 2928 1352 3048">
     <span class='ocr_line' id='line_1_20' title="bbox 260 2928 1352 3048; baseline 0.001 -32"><span class='ocrx_word' id='word_1_119' title='bbox 260 2932 345 3016; x_wconf 89' lang='lat' dir='ltr'><strong>hoc</strong></span> <span class='ocrx_word' id='word_1_120' title='bbox 374 2958 527 3015; x_wconf 84' lang='lat' dir='ltr'><strong>carmen</strong></span> <span class='ocrx_word' id='word_1_121' title='bbox 549 2949 590 3013; x_wconf 89' lang='lat' dir='ltr'><strong>et</strong></span> <span class='ocrx_word' id='word_1_122' title='bbox 615 2958 637 3015; x_wconf 89' lang='lat' dir='ltr'><strong>a</strong></span> <span class='ocrx_word' id='word_1_123' title='bbox 659 2929 762 3016; x_wconf 85' lang='lat' dir='ltr'><strong>Phila</strong></span> <span class='ocrx_word' id='word_1_124' title='bbox 796 2928 1036 3048; x_wconf 68' lang='lat' dir='ltr'><strong>prosesium</strong></span> <span class='ocrx_word' id='word_1_125' title='bbox 1044 2952 1191 3018; x_wconf 86' lang='lat' dir='ltr'><strong>ernon</strong></span> <span class='ocrx_word' id='word_1_126' title='bbox 1344 2974 1352 2987; x_wconf 73' lang='lat'>,</span> 
     </span>
    </p>
   </div>
   <div class='ocr_carea' id='block_1_6' title="bbox 260 3043 707 3158">
    <p class='ocr_par' dir='ltr' id='par_1_7' title="bbox 260 3043 707 3158">
     <span class='ocr_line' id='line_1_21' title="bbox 260 3043 707 3158; baseline 0.004 -27"><span class='ocrx_word' id='word_1_127' title='bbox 260 3051 430 3158; x_wconf 87' lang='lat' dir='ltr'><strong>pertinet</strong></span> <span class='ocrx_word' id='word_1_128' title='bbox 449 3048 500 3132; x_wconf 87' lang='lat' dir='ltr'><strong>ad</strong></span> <span class='ocrx_word' id='word_1_129' title='bbox 521 3043 707 3133; x_wconf 76' lang='lat' dir='ltr'><strong>Besrlimtn</strong></span> 
     </span>
    </p>
   </div>
   <div class='ocr_carea' id='block_1_7' title="bbox 251 3273 1190 3854">
    <p class='ocr_par' dir='ltr' id='par_1_8' title="bbox 251 3273 1190 3854">
     <span class='ocr_line' id='line_1_22' title="bbox 350 3273 1190 3393; baseline 0.001 -29"><span class='ocrx_word' id='word_1_130' title='bbox 350 3287 416 3366; x_wconf 78' lang='lat' dir='ltr'><strong>IV.</strong></span> <span class='ocrx_word' id='word_1_131' title='bbox 441 3281 509 3364; x_wconf 85' lang='lat' dir='ltr'><strong>Ad</strong></span> <span class='ocrx_word' id='word_1_132' title='bbox 532 3307 651 3393; x_wconf 87' lang='lat' dir='ltr'><strong>quem</strong></span> <span class='ocrx_word' id='word_1_133' title='bbox 676 3309 770 3392; x_wconf 80' lang='lat' dir='ltr'><strong>ergo</strong></span> <span class='ocrx_word' id='word_1_134' title='bbox 792 3285 950 3368; x_wconf 86' lang='lat' dir='ltr'><strong>tandem</strong></span> <span class='ocrx_word' id='word_1_135' title='bbox 968 3277 1116 3384; x_wconf 86' lang='lat' dir='ltr'><strong>alium,</strong></span> <span class='ocrx_word' id='word_1_136' title='bbox 1133 3273 1190 3365; x_wconf 76' lang='lat' dir='ltr'><strong>in&#39;·</strong></span> 
     </span>
     <span class='ocr_line' id='line_1_23' title="bbox 251 3393 1188 3512; baseline 0.001 -33"><span class='ocrx_word' id='word_1_137' title='bbox 251 3402 374 3512; x_wconf 70' lang='lat' dir='ltr'><strong>quis,</strong></span> <span class='ocrx_word' id='word_1_138' title='bbox 413 3397 719 3506; x_wconf 73' lang='lat' dir='ltr'><strong>inperatorem?</strong></span> <span class='ocrx_word' id='word_1_139' title='bbox 791 3398 922 3487; x_wconf 87' lang='lat' dir='ltr'><strong>Facilis</strong></span> <span class='ocrx_word' id='word_1_140' title='bbox 951 3393 1188 3506; x_wconf 81' lang='lat' dir='ltr'><strong>muestigatio</strong></span> 
     </span>
     <span class='ocr_line' id='line_1_24' title="bbox 261 3514 1189 3628; baseline 0 -31"><span class='ocrx_word' id='word_1_141' title='bbox 261 3519 348 3598; x_wconf 88' lang='lat' dir='ltr'><strong>erit.</strong></span> <span class='ocrx_word' id='word_1_142' title='bbox 409 3516 514 3596; x_wconf 88' lang='lat' dir='ltr'><strong>Cum</strong></span> <span class='ocrx_word' id='word_1_143' title='bbox 530 3519 634 3598; x_wconf 90' lang='lat' dir='ltr'><strong>enim</strong></span> <span class='ocrx_word' id='word_1_144' title='bbox 655 3514 783 3619; x_wconf 84' lang='lat' dir='ltr'><strong>Phile,</strong></span> <span class='ocrx_word' id='word_1_145' title='bbox 823 3515 933 3628; x_wconf 88' lang='lat' dir='ltr'><strong>quod</strong></span> <span class='ocrx_word' id='word_1_146' title='bbox 955 3517 1063 3624; x_wconf 84' lang='lat' dir='ltr'><strong>supra</strong></span> <span class='ocrx_word' id='word_1_147' title='bbox 1082 3541 1189 3622; x_wconf 91' lang='lat' dir='ltr'><strong>prae·</strong></span> 
     </span>
     <span class='ocr_line' id='line_1_25' title="bbox 261 3625 1186 3734; baseline -0.001 -22"><span class='ocrx_word' id='word_1_148' title='bbox 261 3626 536 3734; x_wconf 77' lang='lat' dir='ltr'><strong>fulciebamus,</strong></span> <span class='ocrx_word' id='word_1_149' title='bbox 562 3659 643 3712; x_wconf 93' lang='lat' dir='ltr'><strong>non</strong></span> <span class='ocrx_word' id='word_1_150' title='bbox 661 3629 731 3721; x_wconf 61' lang='lat' dir='ltr'><strong>,nifi</strong></span> <span class='ocrx_word' id='word_1_151' title='bbox 753 3630 823 3714; x_wconf 90' lang='lat' dir='ltr'><strong>sub</strong></span> <span class='ocrx_word' id='word_1_152' title='bbox 846 3625 1186 3722; x_wconf 66' lang='grc' dir='ltr'><strong>ιιίιιιιιοιιιιιει</strong></span> 
     </span>
     <span class='ocr_line' id='line_1_26' title="bbox 261 3745 1188 3854; baseline -0.002 -26"><span class='ocrx_word' id='word_1_153' title='bbox 261 3749 463 3848; x_wconf 81' lang='lat' dir='ltr'><strong>floruerit,</strong></span> <span class='ocrx_word' id='word_1_154' title='bbox 510 3750 550 3828; x_wconf 91' lang='lat' dir='ltr'><strong>in</strong></span> <span class='ocrx_word' id='word_1_155' title='bbox 581 3745 806 3831; x_wconf 85' lang='lat' dir='ltr'><strong>alterutrum</strong></span> <span class='ocrx_word' id='word_1_156' title='bbox 834 3773 975 3828; x_wconf 88' lang='lat' dir='ltr'><strong>eorum</strong></span> <span class='ocrx_word' id='word_1_157' title='bbox 1006 3745 1188 3854; x_wconf 73' lang='lat' dir='ltr'><strong>scriplum</strong></span> 
     </span>
    </p>
   </div>
   <div class='ocr_carea' id='block_1_8' title="bbox 262 3808 1324 3970">
    <p class='ocr_par' dir='ltr' id='par_1_9' title="bbox 262 3808 1324 3970">
     <span class='ocr_line' id='line_1_27' title="bbox 262 3808 1324 3970; baseline 0 -28"><span class='ocrx_word' id='word_1_158' title='bbox 262 3888 419 3942; x_wconf 86' lang='lat' dir='ltr'><strong>carmen</strong></span> <span class='ocrx_word' id='word_1_159' title='bbox 439 3808 546 3944; x_wconf 68' lang='lat' dir='ltr'><strong>lmese</strong></span> <span class='ocrx_word' id='word_1_160' title='bbox 566 3882 741 3970; x_wconf 89' lang='lat' dir='ltr'><strong>oportet,</strong></span> <span class='ocrx_word' id='word_1_161' title='bbox 767 3868 810 3945; x_wconf 93' lang='lat' dir='ltr'><strong>in</strong></span> <span class='ocrx_word' id='word_1_162' title='bbox 828 3890 921 3946; x_wconf 89' lang='lat' dir='ltr'><strong>eum</strong></span> <span class='ocrx_word' id='word_1_163' title='bbox 936 3889 1097 3970; x_wconf 87' lang='lat' dir='ltr'><strong>ne,mpe</strong></span> <span class='ocrx_word' id='word_1_164' title='bbox 1121 3889 1189 3942; x_wconf 88' lang='lat' dir='ltr'><strong>cu·</strong></span> <span class='ocrx_word' id='word_1_165' title='bbox 1321 3897 1324 3902; x_wconf 91' lang='lat'>·</span> 
     </span>
    </p>
   </div>
   <div class='ocr_carea' id='block_1_9' title="bbox 262 3977 1188 4318">
    <p class='ocr_par' dir='ltr' id='par_1_10' title="bbox 262 3977 1188 4318">
     <span class='ocr_line' id='line_1_28' title="bbox 262 3977 1187 4090; baseline -0.004 -30"><span class='ocrx_word' id='word_1_166' title='bbox 262 3979 321 4060; x_wconf 82' lang='lat' dir='ltr'><strong>ius</strong></span> <span class='ocrx_word' id='word_1_167' title='bbox 346 3978 528 4084; x_wconf 81' lang='lat' dir='ltr'><strong>personae</strong></span> <span class='ocrx_word' id='word_1_168' title='bbox 554 4005 621 4083; x_wconf 86' lang='lat' dir='ltr'><strong>ea,</strong></span> <span class='ocrx_word' id='word_1_169' title='bbox 649 4006 747 4090; x_wconf 88' lang='lat' dir='ltr'><strong>quae</strong></span> <span class='ocrx_word' id='word_1_170' title='bbox 761 3983 800 4060; x_wconf 92' lang='lat' dir='ltr'><strong>in</strong></span> <span class='ocrx_word' id='word_1_171' title='bbox 814 3983 982 4062; x_wconf 87' lang='lat' dir='ltr'><strong>carmine</strong></span> <span class='ocrx_word' id='word_1_172' title='bbox 998 3977 1187 4084; x_wconf 82' lang='lat' dir='ltr'><strong>leguntur,</strong></span> 
     </span>
     <span class='ocr_line' id='line_1_29' title="bbox 263 4089 1188 4292; baseline 0 -121"><span class='ocrx_word' id='word_1_173' title='bbox 263 4097 509 4177; x_wconf 86' lang='lat' dir='ltr'><strong>conueniunt.</strong></span> <span class='ocrx_word' id='word_1_174' title='bbox 566 4095 691 4208; x_wconf 89' lang='lat' dir='ltr'><strong>Atqui</strong></span> <span class='ocrx_word' id='word_1_175' title='bbox 710 4121 836 4203; x_wconf 82' lang='lat' dir='ltr'><strong>nepos</strong></span> <span class='ocrx_word' id='word_1_176' title='bbox 845 4093 1090 4292; x_wconf 65' lang='lat' dir='ltr'><strong>Androniculs</strong></span> <span class='ocrx_word' id='word_1_177' title='bbox 1107 4089 1188 4173; x_wconf 88' lang='lat' dir='ltr'><strong>col-</strong></span> 
     </span>
     <span class='ocr_line' id='line_1_30' title="bbox 775 4217 1188 4318; baseline -0.01 -24"><span class='ocrx_word' id='word_1_178' title='bbox 775 4217 806 4294; x_wconf 89' lang='lat' dir='ltr'>E</span> <span class='ocrx_word' id='word_1_179' title='bbox 824 4231 854 4318; x_wconf 83' lang='lat'>4</span> <span class='ocrx_word' id='word_1_180' title='bbox 1078 4231 1188 4314; x_wconf 82' lang='lat' dir='ltr'><strong>egam</strong></span> 
     </span>
    </p>
   </div>
   <div class='ocr_carea' id='block_1_10' title="bbox 0 0 1692 5384">
    <p class='ocr_par' dir='ltr' id='par_1_11' title="bbox 0 0 1692 5384">
     <span class='ocr_line' id='line_1_31' title="bbox 0 0 1692 5384; baseline 0 1"><span class='ocrx_word' id='word_1_181' title='bbox 0 0 1692 5384; x_wconf 95' lang='lat' dir='ltr'><strong> </strong></span> 
     </span>
    </p>
   </div>
  </div>
 </body>
</html>
