3375 5384
394 667 475 782 'ru
509 680 1015 786 CANTACVZENVM.'
1094 741 1167 814 ur

267 899 326 975 M.
354 897 442 969 Fons
456 894 513 968 ille
532 893 578 967 eil
596 915 697 998 aeque
722 893 903 991 meridiano
924 893 1049 972 aeilatie
1069 905 1151 975 tem·¹

747 1026 829 1095 pore
843 995 995 1102 frigidus„

210 1107 264 1176 Ac
280 1098 418 1202 frigoris
437 1099 625 1202 tempellate
644 1099 808 1201 potabilis,

210 1209 369 1306 Namque
397 1203 540 1280 reseratis
573 1202 768 1310 quibusdam
798 1199 1016 1280 ineffabilibus
1046 1233 1146 1314 aquae

805 1331 916 1398 venis,

209 1414 367 1483 Sitientee
385 1408 623 1486 nos‘facillime
650 1428 772 1484 recreat

209 1518 438 1618 Pauperesque
452 1518 491 1588 ab
509 1542 607 1614 aquae
622 1521 755 1614 penuria
777 1510 892 1590 liberat

207 1619 396 1691 Munilicae
421 1616 550 1690 dextrae
566 1615 640 1690 suae
662 1617 830 1690 imbribus.

208 1722 363 1822 Namque
377 1747 556 1822 pauperum
573 1727 714 1795 nutritor
730 1721 776 1795 etl
791 1717 1041 1820 Triumphum,

259 1877 336 1952 PH.
364 1879 471 1949 Etiam
483 1878 654 1967 arborem,
678 1873 746 1947 alto
763 1875 931 1948 cacumine
943 1868 1142 1975 surgentem,

453 2066 456 2076 1
596 2054 598 2057 ,
697 2005 773 2051 eum
787 1969 852 2052 else
867 1972 976 2064 video,

207 2075 260 2152 nd
283 2087 376 2154 riuos
398 2107 551 2182 aquarum
568 2079 762 2182 plantatam:

206 2183 315 2256 Habet
332 2191 422 2257 enim
437 2183 532 2258 densa
545 2182 628 2258 folia
643 2183 852 2286 prudentium
865 2184 1114 2282 cogitationum,

204 2288 380 2389 inquibus
398 2285 523 2362 frudlus
542 2297 748 2392 egregiorum
770 2312 910 2388 openun
932 2308 1140 2388 generantur,

556 2464 559 2470 ,
794 2416 817 2462 o
832 2393 927 2460 Diua.

205 2496 286 2596 Qis
308 2499 427 2593 igitur,
458 2487 626 2590 conspedla
646 2497 712 2564 eius
733 2483 892 2590 opacitate
908 2513 939 2561 et
952 2487 1117 2564 feracitate

199 2601 313 2700 ,Atque
348 2591 424 2667 inde
453 2592 631 2676 dellillante
658 2593 824 2667 recreandi
852 2599 919 2664 vim
938 2592 1075 2666 habente
1099 2593 1139 2670 li.

774 2721 896 2798 quone,

206 2799 285 2873 Non
306 2818 435 2902 putaret
457 2794 666 2900 conspicuum
690 2789 885 2871 miraculum
910 2798 998 2870 hunc
1021 2804 1137 2873 trium·

771 2903 945 3006 phatorem
961 2897 1044 2977 effe?
1083 2968 1086 2976 .

277 3061 334 3132 M.
361 3057 461 3128 Hune
475 3058 580 3129 virum
608 3081 672 3158 ego
694 3061 794 3130 etiam
816 3081 934 3156 pynun
956 3054 1136 3132 etmalum

403 3237 406 3243 ,
759 3159 882 3261 grande

207 3260 346 3336 Etcum
377 3257 521 3334 dulcibus
543 3268 650 3365 granis
680 3261 806 3336 malum
832 3268 1013 3367 punicum,
1043 3261 1135 3366 quod

768 3368 809 3440 ad
830 3369 1051 3440 calamitatum

208 3461 247 3532 Et
255 3463 454 3539 occultarum
463 3457 703 3572 aegritudinum
711 3465 935 3572 depulfionem
944 3467 1075 3544 salutare
1083 3469 1134 3560 fit,

207 3566 247 3635 Et
261 3569 391 3668 quiduis
412 3569 524 3662 aliud,
555 3571 645 3674 quod
670 3600 729 3678 par
752 3574 818 3662 ell,
849 3601 926 3646 eum
950 3573 1132 3648 vocandum

771 3673 835 3750 elle
857 3676 978 3752 iudico.

207 3768 326 3846 Verum
350 3782 423 3878 quie
453 3787 590 3881 reperiat
617 3786 715 3854 etiam
730 3787 776 3854 in
806 3780 870 3855 illis
898 3799 1020 3854 tantam
1035 3772 1132 3880 ¹succi

739 3885 820 3958 boni
843 3893 931 3982 vim,
957 3933 959 3940 ·

719 4019 753 4092 N
777 4045 797 4094 a
993 4013 1133 4104 Qualem

210 4204 364 4280 enitente?
404 4217 488 4286 Non,
510 4217 626 4301 opinor.
663 4218 718 4281 Sed
734 4216 896 4303 scripserat,
915 4219 950 4280 br
969 4215 1049 4282 laeum
1066 4223 1133 4300 φλ

213 4306 258 4351 ‘ta
300 4301 370 4362 Sunt
385 4319 483 4364 autern
499 4326 537 4360 u
556 4297 644 4383 lana,
665 4327 740 4390 quae
753 4307 816 4392 post
835 4327 909 4366 novar
924 4307 1001 4376 dicit.
1085 4318 1088 4328 '

905 4515 908 4520 ¹
1010 4447 1046 4506 V.
1063 4448 1135 4514 600.
1162 4491 1165 4495 -
