<?xml version="1.0" encoding="UTF-8"?>
<!DOCTYPE html PUBLIC "-//W3C//DTD XHTML 1.0 Transitional//EN"
    "http://www.w3.org/TR/xhtml1/DTD/xhtml1-transitional.dtd">
<html xmlns="http://www.w3.org/1999/xhtml" xml:lang="en" lang="en">
 <head>
  <title>
</title>
<meta http-equiv="Content-Type" content="text/html;charset=utf-8" />
  <meta name='ocr-system' content='tesseract 3.04.00' />
  <meta name='ocr-capabilities' content='ocr_page ocr_carea ocr_par ocr_line ocrx_word'/>
</head>
<body>
  <div class='ocr_page' id='page_1' title='image "./manvelisphilaec00philgoog_0359.png"; bbox 0 0 3375 5384; ppageno 0'>
   <div class='ocr_carea' id='block_1_1' title="bbox 366 723 1161 857">
    <p class='ocr_par' dir='ltr' id='par_1_1' title="bbox 366 723 1161 857">
     <span class='ocr_line' id='line_1_1' title="bbox 366 723 1161 857; baseline 0.043 -49"><span class='ocrx_word' id='word_1_1' title='bbox 366 723 387 810; x_wconf 77' lang='grc' dir='ltr'>,Ῑ</span> <span class='ocrx_word' id='word_1_2' title='bbox 442 747 491 829; x_wconf 78' lang='lat' dir='ltr'>nr</span> <span class='ocrx_word' id='word_1_3' title='bbox 541 746 933 844; x_wconf 69' lang='lat' dir='ltr'><strong>BACHYMER&#39;EM.</strong></span> <span class='ocrx_word' id='word_1_4' title='bbox 1019 752 1054 770; x_wconf 81' lang='lat'>&#39;&#39;</span> <span class='ocrx_word' id='word_1_5' title='bbox 1097 783 1161 857; x_wconf 73' lang='lat'>323·</span> 
     </span>
    </p>
   </div>
   <div class='ocr_carea' id='block_1_2' title="bbox 217 931 1204 2691">
    <p class='ocr_par' dir='ltr' id='par_1_2' title="bbox 221 931 1204 1041">
     <span class='ocr_line' id='line_1_2' title="bbox 221 931 1204 1041; baseline 0.006 -24"><span class='ocrx_word' id='word_1_6' title='bbox 221 945 264 1017; x_wconf 86' lang='lat' dir='ltr'>Et</span> <span class='ocrx_word' id='word_1_7' title='bbox 280 948 410 1016; x_wconf 87' lang='lat' dir='ltr'>inanem</span> <span class='ocrx_word' id='word_1_8' title='bbox 432 939 553 1014; x_wconf 87' lang='lat' dir='ltr'>bullam</span> <span class='ocrx_word' id='word_1_9' title='bbox 580 931 762 1014; x_wconf 83' lang='lat' dir='ltr'>etfuuillam</span> <span class='ocrx_word' id='word_1_10' title='bbox 778 959 809 1012; x_wconf 82' lang='lat' dir='ltr'>ct</span> <span class='ocrx_word' id='word_1_11' title='bbox 822 939 967 1015; x_wconf 87' lang='lat' dir='ltr'>multum</span> <span class='ocrx_word' id='word_1_12' title='bbox 981 940 1126 1039; x_wconf 76' lang='lat' dir='ltr'>fumum,</span> <span class='ocrx_word' id='word_1_13' title='bbox 1197 1014 1204 1041; x_wconf 54' lang='lat' dir='ltr'><em>s</em></span> 
     </span>
    </p>

    <p class='ocr_par' dir='ltr' id='par_1_3' title="bbox 222 1040 845 1120">
     <span class='ocr_line' id='line_1_3' title="bbox 222 1040 845 1120; baseline -0.002 0"><span class='ocrx_word' id='word_1_14' title='bbox 222 1055 290 1120; x_wconf 80' lang='lat' dir='ltr'>rint</span> <span class='ocrx_word' id='word_1_15' title='bbox 311 1041 466 1118; x_wconf 87' lang='lat' dir='ltr'>lusoriam</span> <span class='ocrx_word' id='word_1_16' title='bbox 492 1040 641 1118; x_wconf 78' lang='lat' dir='ltr'>tesseram</span> <span class='ocrx_word' id='word_1_17' title='bbox 664 1047 845 1119; x_wconf 89' lang='lat' dir='ltr'>Puerorum</span> 
     </span>
    </p>

    <p class='ocr_par' dir='ltr' id='par_1_4' title="bbox 220 1129 832 1248">
     <span class='ocr_line' id='line_1_4' title="bbox 220 1129 832 1248; baseline -0.005 -25"><span class='ocrx_word' id='word_1_18' title='bbox 220 1155 263 1223; x_wconf 87' lang='lat' dir='ltr'>Et</span> <span class='ocrx_word' id='word_1_19' title='bbox 287 1134 388 1222; x_wconf 75' lang='lat' dir='ltr'>talum</span> <span class='ocrx_word' id='word_1_20' title='bbox 407 1145 545 1222; x_wconf 87' lang='lat' dir='ltr'>inllablli</span> <span class='ocrx_word' id='word_1_21' title='bbox 565 1150 631 1228; x_wconf 85' lang='lat' dir='ltr'>talo</span> <span class='ocrx_word' id='word_1_22' title='bbox 652 1129 832 1248; x_wconf 60' lang='lat' dir='ltr'>iacentem</span> 
     </span>
    </p>

    <p class='ocr_par' dir='ltr' id='par_1_5' title="bbox 220 1249 990 1356">
     <span class='ocr_line' id='line_1_5' title="bbox 220 1249 990 1356; baseline 0.004 -31"><span class='ocrx_word' id='word_1_23' title='bbox 220 1257 323 1356; x_wconf 85' lang='lat' dir='ltr'><strong>Igitur</strong></span> <span class='ocrx_word' id='word_1_24' title='bbox 341 1255 406 1327; x_wconf 86' lang='lat' dir='ltr'>huc</span> <span class='ocrx_word' id='word_1_25' title='bbox 421 1249 526 1326; x_wconf 85' lang='lat' dir='ltr'>seceffi</span> <span class='ocrx_word' id='word_1_26' title='bbox 547 1258 583 1325; x_wconf 90' lang='lat' dir='ltr'>iu</span> <span class='ocrx_word' id='word_1_27' title='bbox 607 1249 744 1352; x_wconf 86' lang='lat' dir='ltr'>sepulcri</span> <span class='ocrx_word' id='word_1_28' title='bbox 765 1249 990 1346; x_wconf 62' lang='lat' dir='ltr'>domiciliumg</span> 
     </span>
    </p>

    <p class='ocr_par' dir='ltr' id='par_1_6' title="bbox 221 1353 1154 1459">
     <span class='ocr_line' id='line_1_6' title="bbox 221 1353 1154 1459; baseline -0.004 -27"><span class='ocrx_word' id='word_1_29' title='bbox 221 1363 264 1432; x_wconf 86' lang='lat' dir='ltr'>Et</span> <span class='ocrx_word' id='word_1_30' title='bbox 289 1363 424 1458; x_wconf 86' lang='lat' dir='ltr'>operior</span> <span class='ocrx_word' id='word_1_31' title='bbox 447 1359 501 1430; x_wconf 88' lang='lat' dir='ltr'>hic</span> <span class='ocrx_word' id='word_1_32' title='bbox 527 1353 706 1458; x_wconf 82' lang='lat' dir='ltr'>postremae</span> <span class='ocrx_word' id='word_1_33' title='bbox 721 1354 815 1430; x_wconf 86' lang='lat' dir='ltr'>tubae</span> <span class='ocrx_word' id='word_1_34' title='bbox 832 1357 1044 1459; x_wconf 52' lang='lat' dir='ltr'>clangorem</span> <span class='ocrx_word' id='word_1_35' title='bbox 1148 1420 1154 1428; x_wconf 92' lang='lat'>.</span> 
     </span>
    </p>

    <p class='ocr_par' dir='ltr' id='par_1_7' title="bbox 222 1459 1150 1742">
     <span class='ocr_line' id='line_1_7' title="bbox 222 1459 1149 1569; baseline 0.006 -35"><span class='ocrx_word' id='word_1_36' title='bbox 222 1461 272 1534; x_wconf 79' lang='lat' dir='ltr'>Ab</span> <span class='ocrx_word' id='word_1_37' title='bbox 293 1485 356 1564; x_wconf 81' lang='lat' dir='ltr'>qua</span> <span class='ocrx_word' id='word_1_38' title='bbox 380 1465 531 1535; x_wconf 85' lang='lat' dir='ltr'>excitatus</span> <span class='ocrx_word' id='word_1_39' title='bbox 553 1459 657 1532; x_wconf 88' lang='lat' dir='ltr'>slatim</span> <span class='ocrx_word' id='word_1_40' title='bbox 675 1485 842 1536; x_wconf 83' lang='lat' dir='ltr'>occurram</span> <span class='ocrx_word' id='word_1_41' title='bbox 864 1461 996 1536; x_wconf 86' lang='lat' dir='ltr'>obuiam</span> <span class='ocrx_word' id='word_1_42' title='bbox 1017 1470 1066 1549; x_wconf 89' lang='lat' dir='ltr'>ei,</span> <span class='ocrx_word' id='word_1_43' title='bbox 1090 1473 1149 1569; x_wconf 87' lang='lat' dir='ltr'>qui</span> 
     </span>
     <span class='ocr_line' id='line_1_8' title="bbox 458 1559 1150 1664; baseline 0.01 -28"><span class='ocrx_word' id='word_1_44' title='bbox 458 1590 596 1636; x_wconf 86' lang='lat' dir='ltr'>onmem</span> <span class='ocrx_word' id='word_1_45' title='bbox 626 1559 787 1664; x_wconf 83' lang='lat' dir='ltr'>nnrndum</span> <span class='ocrx_word' id='word_1_46' title='bbox 822 1565 994 1641; x_wconf 85' lang='lat' dir='ltr'>iusliffimis</span> <span class='ocrx_word' id='word_1_47' title='bbox 1023 1567 1150 1645; x_wconf 88' lang='lat' dir='ltr'>iudiciis</span> 
     </span>
     <span class='ocr_line' id='line_1_9' title="bbox 462 1663 768 1742; baseline 0.01 -3"><span class='ocrx_word' id='word_1_48' title='bbox 462 1663 691 1741; x_wconf 82' lang='lat' dir='ltr'>diiudicaturus</span> <span class='ocrx_word' id='word_1_49' title='bbox 713 1665 768 1742; x_wconf 82' lang='lat' dir='ltr'>eil.</span> 
     </span>
    </p>

    <p class='ocr_par' dir='ltr' id='par_1_8' title="bbox 222 1769 1058 1876">
     <span class='ocr_line' id='line_1_10' title="bbox 222 1769 1058 1876; baseline 0.005 -31"><span class='ocrx_word' id='word_1_50' title='bbox 222 1770 283 1845; x_wconf 89' lang='lat' dir='ltr'>Tu</span> <span class='ocrx_word' id='word_1_51' title='bbox 298 1797 379 1876; x_wconf 86' lang='lat' dir='ltr'>ergo</span> <span class='ocrx_word' id='word_1_52' title='bbox 403 1771 444 1844; x_wconf 86' lang='lat' dir='ltr'>de</span> <span class='ocrx_word' id='word_1_53' title='bbox 464 1798 519 1844; x_wconf 88' lang='lat' dir='ltr'>me</span> <span class='ocrx_word' id='word_1_54' title='bbox 533 1772 641 1871; x_wconf 79' lang='lat' dir='ltr'>¹nihil,</span> <span class='ocrx_word' id='word_1_55' title='bbox 665 1769 726 1842; x_wconf 86' lang='lat' dir='ltr'>nili</span> <span class='ocrx_word' id='word_1_56' title='bbox 749 1769 838 1872; x_wconf 90' lang='lat' dir='ltr'>quod</span> <span class='ocrx_word' id='word_1_57' title='bbox 862 1770 1058 1874; x_wconf 83' lang='lat' dir='ltr'>gloriatione</span> 
     </span>
    </p>

    <p class='ocr_par' dir='ltr' id='par_1_9' title="bbox 219 1871 1182 1982">
     <span class='ocr_line' id='line_1_11' title="bbox 219 1871 1182 1982; baseline 0.006 -37"><span class='ocrx_word' id='word_1_58' title='bbox 219 1879 337 1963; x_wconf 74' lang='lat' dir='ltr'>Vocet,</span> <span class='ocrx_word' id='word_1_59' title='bbox 362 1874 477 1948; x_wconf 82' lang='lat' dir='ltr'>scribe:</span> <span class='ocrx_word' id='word_1_60' title='bbox 504 1883 598 1948; x_wconf 84' lang='lat' dir='ltr'>mitte</span> <span class='ocrx_word' id='word_1_61' title='bbox 617 1881 744 1975; x_wconf 83' lang='lat' dir='ltr'>generis</span> <span class='ocrx_word' id='word_1_62' title='bbox 757 1883 823 1948; x_wconf 87' lang='lat' dir='ltr'>mci</span> <span class='ocrx_word' id='word_1_63' title='bbox 838 1871 1020 1976; x_wconf 84' lang='lat' dir='ltr'>splendidas</span> <span class='ocrx_word' id='word_1_64' title='bbox 1033 1908 1160 1982; x_wconf 84' lang='lat' dir='ltr'>nugas..</span> <span class='ocrx_word' id='word_1_65' title='bbox 1178 1939 1182 1951; x_wconf 89' lang='grc'><em>,</em></span> 
     </span>
    </p>

    <p class='ocr_par' dir='ltr' id='par_1_10' title="bbox 219 1974 1175 2184">
     <span class='ocr_line' id='line_1_12' title="bbox 219 1974 1175 2080; baseline 0.01 -30"><span class='ocrx_word' id='word_1_66' title='bbox 219 1979 351 2052; x_wconf 83' lang='lat' dir='ltr'>Etenim</span> <span class='ocrx_word' id='word_1_67' title='bbox 367 1979 500 2052; x_wconf 82' lang='lat' dir='ltr'>humilia</span> <span class='ocrx_word' id='word_1_68' title='bbox 515 1997 546 2049; x_wconf 85' lang='lat' dir='ltr'>ct</span> <span class='ocrx_word' id='word_1_69' title='bbox 560 1977 742 2078; x_wconf 87' lang='lat' dir='ltr'>proculcata</span> <span class='ocrx_word' id='word_1_70' title='bbox 757 1980 883 2080; x_wconf 88' lang='lat' dir='ltr'>puluis,</span> <span class='ocrx_word' id='word_1_71' title='bbox 909 1984 1030 2054; x_wconf 87' lang='lat' dir='ltr'>etiamfi</span> <span class='ocrx_word' id='word_1_72' title='bbox 1049 1987 1147 2060; x_wconf 83' lang='lat' dir='ltr'>vento</span> <span class='ocrx_word' id='word_1_73' title='bbox 1169 1974 1175 1993; x_wconf 25' lang='grc' dir='ltr'><strong>Χ</strong></span> 
     </span>
     <span class='ocr_line' id='line_1_13' title="bbox 455 2079 1096 2184; baseline 0.009 -30"><span class='ocrx_word' id='word_1_74' title='bbox 455 2087 586 2154; x_wconf 84' lang='lat' dir='ltr'>excitata</span> <span class='ocrx_word' id='word_1_75' title='bbox 612 2079 652 2154; x_wconf 86' lang='lat' dir='ltr'>ad</span> <span class='ocrx_word' id='word_1_76' title='bbox 669 2083 833 2154; x_wconf 81' lang='lat' dir='ltr'>aetherem</span> <span class='ocrx_word' id='word_1_77' title='bbox 852 2108 950 2184; x_wconf 84' lang='lat' dir='ltr'>usque</span> <span class='ocrx_word' id='word_1_78' title='bbox 968 2085 1096 2178; x_wconf 89' lang='lat' dir='ltr'>euolet,</span> 
     </span>
    </p>

    <p class='ocr_par' dir='ltr' id='par_1_11' title="bbox 219 2183 939 2285">
     <span class='ocr_line' id='line_1_14' title="bbox 219 2183 939 2285; baseline 0.003 -28"><span class='ocrx_word' id='word_1_79' title='bbox 219 2184 371 2269; x_wconf 84' lang='lat' dir='ltr'>Tarncn,</span> <span class='ocrx_word' id='word_1_80' title='bbox 403 2203 438 2257; x_wconf 85' lang='lat' dir='ltr'>vt</span> <span class='ocrx_word' id='word_1_81' title='bbox 459 2184 581 2285; x_wconf 88' lang='lat' dir='ltr'>puluis,</span> <span class='ocrx_word' id='word_1_82' title='bbox 613 2183 718 2258; x_wconf 83' lang='lat' dir='ltr'>rursus</span> <span class='ocrx_word' id='word_1_83' title='bbox 739 2183 877 2272; x_wconf 84' lang='lat' dir='ltr'>decidit,</span> <span class='ocrx_word' id='word_1_84' title='bbox 935 2225 939 2230; x_wconf 88' lang='lat'><strong>·</strong></span> 
     </span>
    </p>

    <p class='ocr_par' dir='ltr' id='par_1_12' title="bbox 218 2285 994 2372">
     <span class='ocr_line' id='line_1_15' title="bbox 218 2285 994 2372; baseline 0 -12"><span class='ocrx_word' id='word_1_85' title='bbox 218 2285 362 2360; x_wconf 84' lang='lat' dir='ltr'>Simulac</span> <span class='ocrx_word' id='word_1_86' title='bbox 376 2291 458 2360; x_wconf 89' lang='lat' dir='ltr'>vitae</span> <span class='ocrx_word' id='word_1_87' title='bbox 474 2285 560 2359; x_wconf 89' lang='lat' dir='ltr'>fusus</span> <span class='ocrx_word' id='word_1_88' title='bbox 573 2285 613 2359; x_wconf 89' lang='lat' dir='ltr'>ad</span> <span class='ocrx_word' id='word_1_89' title='bbox 630 2289 734 2362; x_wconf 86' lang='lat' dir='ltr'>finem</span> <span class='ocrx_word' id='word_1_90' title='bbox 757 2287 943 2364; x_wconf 86' lang='lat' dir='ltr'>decurrerit.</span> <span class='ocrx_word' id='word_1_91' title='bbox 991 2369 994 2372; x_wconf 42' lang='grc'>,</span> 
     </span>
    </p>

    <p class='ocr_par' dir='ltr' id='par_1_13' title="bbox 218 2386 1166 2490">
     <span class='ocr_line' id='line_1_16' title="bbox 218 2386 1166 2490; baseline 0 -26"><span class='ocrx_word' id='word_1_92' title='bbox 218 2391 310 2464; x_wconf 78' lang='lat' dir='ltr'>Libri</span> <span class='ocrx_word' id='word_1_93' title='bbox 330 2408 438 2460; x_wconf 86' lang='lat' dir='ltr'>autem</span> <span class='ocrx_word' id='word_1_94' title='bbox 461 2415 579 2462; x_wconf 85' lang='lat' dir='ltr'>omncs</span> <span class='ocrx_word' id='word_1_95' title='bbox 612 2411 644 2486; x_wconf 82' lang='lat' dir='ltr'>et</span> <span class='ocrx_word' id='word_1_96' title='bbox 670 2386 855 2490; x_wconf 73' lang='lat' dir='ltr'>disciplinae</span> <span class='ocrx_word' id='word_1_97' title='bbox 876 2411 908 2463; x_wconf 87' lang='lat' dir='ltr'>et</span> <span class='ocrx_word' id='word_1_98' title='bbox 930 2389 1089 2468; x_wconf 76' lang='lat' dir='ltr'>schemata</span> <span class='ocrx_word' id='word_1_99' title='bbox 1161 2455 1166 2464; x_wconf 91' lang='lat'>.</span> 
     </span>
    </p>

    <p class='ocr_par' dir='ltr' id='par_1_14' title="bbox 217 2489 1167 2594">
     <span class='ocr_line' id='line_1_17' title="bbox 217 2489 1167 2594; baseline 0.006 -27"><span class='ocrx_word' id='word_1_100' title='bbox 217 2499 263 2567; x_wconf 88' lang='lat' dir='ltr'>Et</span> <span class='ocrx_word' id='word_1_101' title='bbox 283 2489 461 2594; x_wconf 83' lang='lat' dir='ltr'>syllogismi</span> <span class='ocrx_word' id='word_1_102' title='bbox 487 2509 520 2564; x_wconf 92' lang='lat' dir='ltr'>et</span> <span class='ocrx_word' id='word_1_103' title='bbox 541 2493 778 2592; x_wconf 73' lang='lat' dir='ltr'>propositiones</span> <span class='ocrx_word' id='word_1_104' title='bbox 803 2521 840 2566; x_wconf 87' lang='lat' dir='ltr'>ac</span> <span class='ocrx_word' id='word_1_105' title='bbox 865 2491 1030 2569; x_wconf 88' lang='lat' dir='ltr'>causarum</span> <span class='ocrx_word' id='word_1_106' title='bbox 1051 2500 1167 2575; x_wconf 87' lang='lat' dir='ltr'>ssatus·</span> 
     </span>
    </p>

    <p class='ocr_par' dir='ltr' id='par_1_15' title="bbox 220 2591 872 2691">
     <span class='ocr_line' id='line_1_18' title="bbox 220 2591 872 2691; baseline 0 -23"><span class='ocrx_word' id='word_1_107' title='bbox 220 2595 379 2691; x_wconf 83' lang='lat' dir='ltr'>Valeant,</span> <span class='ocrx_word' id='word_1_108' title='bbox 406 2596 546 2683; x_wconf 84' lang='lat' dir='ltr'>abeant,</span> <span class='ocrx_word' id='word_1_109' title='bbox 578 2615 613 2666; x_wconf 87' lang='lat' dir='ltr'>ut</span> <span class='ocrx_word' id='word_1_110' title='bbox 630 2621 717 2667; x_wconf 86' lang='lat' dir='ltr'>mera</span> <span class='ocrx_word' id='word_1_111' title='bbox 737 2591 872 2678; x_wconf 79' lang='lat' dir='ltr'>somnia,</span> 
     </span>
    </p>
   </div>
   <div class='ocr_carea' id='block_1_3' title="bbox 219 2690 1252 3009">
    <p class='ocr_par' dir='ltr' id='par_1_16' title="bbox 219 2690 1252 3009">
     <span class='ocr_line' id='line_1_19' title="bbox 219 2690 1252 2802; baseline 0.004 -26"><span class='ocrx_word' id='word_1_112' title='bbox 219 2700 370 2802; x_wconf 82' lang='lat' dir='ltr'>Namque</span> <span class='ocrx_word' id='word_1_113' title='bbox 388 2726 477 2774; x_wconf 87' lang='lat' dir='ltr'>mors</span> <span class='ocrx_word' id='word_1_114' title='bbox 498 2697 740 2774; x_wconf 72' lang='lat' dir='ltr'>conclusionem</span> <span class='ocrx_word' id='word_1_115' title='bbox 764 2695 843 2772; x_wconf 85' lang='lat' dir='ltr'>facit</span> <span class='ocrx_word' id='word_1_116' title='bbox 860 2705 944 2771; x_wconf 85' lang='lat' dir='ltr'>vitae</span> <span class='ocrx_word' id='word_1_117' title='bbox 958 2707 994 2773; x_wconf 91' lang='lat' dir='ltr'>in</span> <span class='ocrx_word' id='word_1_118' title='bbox 1009 2703 1156 2780; x_wconf 75' lang='lat' dir='ltr'>breuia..</span> <span class='ocrx_word' id='word_1_119' title='bbox 1247 2690 1252 2698; x_wconf 41' lang='lat'><strong><em>¹</em></strong></span> 
     </span>
     <span class='ocr_line' id='line_1_20' title="bbox 525 2799 1095 2886; baseline 0.016 -10"><span class='ocrx_word' id='word_1_120' title='bbox 525 2808 564 2876; x_wconf 80' lang='lat' dir='ltr'>tis</span> <span class='ocrx_word' id='word_1_121' title='bbox 582 2799 746 2876; x_wconf 84' lang='lat' dir='ltr'>summam</span> <span class='ocrx_word' id='word_1_122' title='bbox 762 2808 817 2876; x_wconf 87' lang='lat' dir='ltr'>vix</span> <span class='ocrx_word' id='word_1_123' title='bbox 837 2801 1095 2886; x_wconf 80' lang='lat' dir='ltr'>monstrabilem.</span> 
     </span>
     <span class='ocr_line' id='line_1_21' title="bbox 220 2903 963 3009; baseline 0.001 -29"><span class='ocrx_word' id='word_1_124' title='bbox 220 2907 280 2980; x_wconf 94' lang='lat' dir='ltr'>Tu</span> <span class='ocrx_word' id='word_1_125' title='bbox 292 2913 401 3009; x_wconf 80' lang='lat' dir='ltr'>potius</span> <span class='ocrx_word' id='word_1_126' title='bbox 422 2905 484 2980; x_wconf 87' lang='lat' dir='ltr'>alia</span> <span class='ocrx_word' id='word_1_127' title='bbox 506 2933 655 2980; x_wconf 86' lang='lat' dir='ltr'>mearum</span> <span class='ocrx_word' id='word_1_128' title='bbox 676 2903 963 2981; x_wconf 81' lang='lat' dir='ltr'>rerum&#39;admirare</span> 
     </span>
    </p>
   </div>
   <div class='ocr_carea' id='block_1_4' title="bbox 733 3106 1150 3199">
    <p class='ocr_par' dir='ltr' id='par_1_17' title="bbox 733 3106 1150 3199">
     <span class='ocr_line' id='line_1_22' title="bbox 733 3106 1150 3199; baseline 0 -10"><span class='ocrx_word' id='word_1_129' title='bbox 733 3106 808 3199; x_wconf 46' lang='lat' dir='ltr'>Xsa</span> <span class='ocrx_word' id='word_1_130' title='bbox 1026 3108 1029 3116; x_wconf 62' lang='grc'>’</span> <span class='ocrx_word' id='word_1_131' title='bbox 1101 3120 1150 3190; x_wconf 79' lang='lat' dir='ltr'>nc</span> 
     </span>
    </p>
   </div>
   <div class='ocr_carea' id='block_1_5' title="bbox 221 3380 1178 4154">
    <p class='ocr_par' dir='ltr' id='par_1_18' title="bbox 221 3380 1178 4154">
     <span class='ocr_line' id='line_1_23' title="bbox 223 3380 1150 3468; baseline 0.003 -22"><span class='ocrx_word' id='word_1_132' title='bbox 223 3380 344 3446; x_wconf 81' lang='lat' dir='ltr'>orirmda</span> <span class='ocrx_word' id='word_1_133' title='bbox 361 3403 490 3449; x_wconf 80' lang='lat' dir='ltr'>annonae</span> <span class='ocrx_word' id='word_1_134' title='bbox 507 3380 612 3448; x_wconf 75' lang='lat' dir='ltr'>vilitaa&#39;</span> <span class='ocrx_word' id='word_1_135' title='bbox 629 3381 804 3468; x_wconf 72' lang='lat' dir='ltr'>snrgumque</span> <span class='ocrx_word' id='word_1_136' title='bbox 821 3383 1012 3450; x_wconf 79' lang='lat' dir='ltr'>abundantia:</span> <span class='ocrx_word' id='word_1_137' title='bbox 1038 3385 1087 3448; x_wconf 84' lang='lat' dir='ltr'>hir</span> <span class='ocrx_word' id='word_1_138' title='bbox 1101 3407 1150 3449; x_wconf 87' lang='lat' dir='ltr'>au·</span> 
     </span>
     <span class='ocr_line' id='line_1_24' title="bbox 224 3469 1150 3556; baseline 0.005 -26"><span class='ocrx_word' id='word_1_139' title='bbox 224 3485 282 3532; x_wconf 87' lang='lat' dir='ltr'>tem</span> <span class='ocrx_word' id='word_1_140' title='bbox 298 3483 394 3540; x_wconf 84' lang='lat' dir='ltr'>notat,</span> <span class='ocrx_word' id='word_1_141' title='bbox 416 3488 448 3534; x_wconf 88' lang='lat' dir='ltr'>vt</span> <span class='ocrx_word' id='word_1_142' title='bbox 469 3488 558 3556; x_wconf 88' lang='lat' dir='ltr'>puto,</span> <span class='ocrx_word' id='word_1_143' title='bbox 585 3469 812 3534; x_wconf 81' lang='lat' dir='ltr'>inenarrabilem</span> <span class='ocrx_word' id='word_1_144' title='bbox 831 3475 930 3535; x_wconf 85' lang='lat' dir='ltr'>beatae</span> <span class='ocrx_word' id='word_1_145' title='bbox 954 3477 1031 3537; x_wconf 87' lang='lat' dir='ltr'>vitae</span> <span class='ocrx_word' id='word_1_146' title='bbox 1053 3471 1150 3551; x_wconf 58' lang='lat' dir='ltr'>fauilla</span> 
     </span>
     <span class='ocr_line' id='line_1_25' title="bbox 223 3554 1156 3642; baseline 0.003 -27"><span class='ocrx_word' id='word_1_147' title='bbox 223 3570 312 3617; x_wconf 85' lang='lat' dir='ltr'>tatem</span> <span class='ocrx_word' id='word_1_148' title='bbox 327 3571 355 3615; x_wconf 87' lang='lat' dir='ltr'>et</span> <span class='ocrx_word' id='word_1_149' title='bbox 375 3555 514 3618; x_wconf 83' lang='lat' dir='ltr'>summanr</span> <span class='ocrx_word' id='word_1_150' title='bbox 529 3560 642 3638; x_wconf 83' lang='lat' dir='ltr'>copiam</span> <span class='ocrx_word' id='word_1_151' title='bbox 656 3559 802 3620; x_wconf 88' lang='lat' dir='ltr'>bonorum</span> <span class='ocrx_word' id='word_1_152' title='bbox 812 3601 822 3634; x_wconf 87' lang='lat'><em>,</em></span> <span class='ocrx_word' id='word_1_153' title='bbox 843 3562 882 3626; x_wconf 53' lang='lat' dir='ltr'>,in</span> <span class='ocrx_word' id='word_1_154' title='bbox 897 3554 979 3621; x_wconf 84' lang='lat' dir='ltr'>coelo</span> <span class='ocrx_word' id='word_1_155' title='bbox 999 3560 1053 3642; x_wconf 80' lang='lat' dir='ltr'>piis</span> <span class='ocrx_word' id='word_1_156' title='bbox 1074 3579 1156 3630; x_wconf 37' lang='lat' dir='ltr'>men-¹</span> 
     </span>
     <span class='ocr_line' id='line_1_26' title="bbox 223 3639 1151 3730; baseline 0.004 -30"><span class='ocrx_word' id='word_1_157' title='bbox 223 3642 303 3702; x_wconf 74' lang='lat' dir='ltr'>ribus</span> <span class='ocrx_word' id='word_1_158' title='bbox 323 3639 500 3710; x_wconf 79' lang='lat' dir='ltr'>destinatam.</span> <span class='ocrx_word' id='word_1_159' title='bbox 543 3648 613 3705; x_wconf 88' lang='lat' dir='ltr'>Non</span> <span class='ocrx_word' id='word_1_160' title='bbox 628 3665 702 3726; x_wconf 77' lang='lat' dir='ltr'>nego</span> <span class='ocrx_word' id='word_1_161' title='bbox 716 3660 827 3718; x_wconf 89' lang='lat' dir='ltr'>tamen,</span> <span class='ocrx_word' id='word_1_162' title='bbox 844 3645 1027 3730; x_wconf 88' lang='lat' dir='ltr'>proditurum</span> <span class='ocrx_word' id='word_1_163' title='bbox 1042 3642 1151 3704; x_wconf 87' lang='lat' dir='ltr'>sensum</span> 
     </span>
     <span class='ocr_line' id='line_1_27' title="bbox 223 3727 1178 3810; baseline 0.005 -26"><span class='ocrx_word' id='word_1_164' title='bbox 223 3728 370 3786; x_wconf 83' lang='lat' dir='ltr'>contextui</span> <span class='ocrx_word' id='word_1_165' title='bbox 397 3729 684 3801; x_wconf 85' lang='lat' dir='ltr'>conuenientiorem,</span> <span class='ocrx_word' id='word_1_166' title='bbox 713 3730 733 3792; x_wconf 82' lang='lat' dir='ltr'>fi</span> <span class='ocrx_word' id='word_1_167' title='bbox 757 3727 834 3810; x_wconf 80' lang='lat' dir='ltr'>legas</span> <span class='ocrx_word' id='word_1_168' title='bbox 863 3733 1031 3810; x_wconf 72' lang='grc' dir='ltr'>ἓφημεριαν·</span> <span class='ocrx_word' id='word_1_169' title='bbox 1075 3748 1178 3788; x_wconf 61' lang='lat' dir='ltr'>mors.a</span> 
     </span>
     <span class='ocr_line' id='line_1_28' title="bbox 222 3809 1153 3897; baseline 0.002 -25"><span class='ocrx_word' id='word_1_170' title='bbox 222 3809 370 3872; x_wconf 82' lang='lat' dir='ltr'>concludit</span> <span class='ocrx_word' id='word_1_171' title='bbox 393 3813 489 3874; x_wconf 82' lang='lat' dir='ltr'>vitam</span> <span class='ocrx_word' id='word_1_172' title='bbox 502 3809 603 3894; x_wconf 67' lang='lat' dir='ltr'>spatio</span> <span class='ocrx_word' id='word_1_173' title='bbox 628 3816 713 3876; x_wconf 77' lang='lat' dir='ltr'>utrius</span> <span class='ocrx_word' id='word_1_174' title='bbox 741 3811 825 3892; x_wconf 82' lang='lat' dir='ltr'>diei,</span> <span class='ocrx_word' id='word_1_175' title='bbox 851 3819 909 3878; x_wconf 80' lang='lat' dir='ltr'>vix</span> <span class='ocrx_word' id='word_1_176' title='bbox 927 3813 1104 3897; x_wconf 78' lang='lat' dir='ltr'>percipiendo</span> <span class='ocrx_word' id='word_1_177' title='bbox 1123 3827 1153 3874; x_wconf 79' lang='lat' dir='ltr'>et</span> 
     </span>
     <span class='ocr_line' id='line_1_29' title="bbox 221 3892 1158 3982; baseline 0.006 -28"><span class='ocrx_word' id='word_1_178' title='bbox 221 3914 306 3979; x_wconf 77' lang='lat' dir='ltr'>prope</span> <span class='ocrx_word' id='word_1_179' title='bbox 327 3892 580 3982; x_wconf 68' lang='lat' dir='ltr'>indemotfirablli.</span> <span class='ocrx_word' id='word_1_180' title='bbox 623 3900 668 3960; x_wconf 80' lang='lat' dir='ltr'>nd</span> <span class='ocrx_word' id='word_1_181' title='bbox 683 3897 869 3962; x_wconf 84' lang='lat' dir='ltr'>indicandam</span> <span class='ocrx_word' id='word_1_182' title='bbox 886 3904 964 3964; x_wconf 83' lang='lat' dir='ltr'>vitae</span> <span class='ocrx_word' id='word_1_183' title='bbox 979 3902 1158 3960; x_wconf 80' lang='lat' dir='ltr'>breuitatem</span> 
     </span>
     <span class='ocr_line' id='line_1_30' title="bbox 223 3979 1151 4066; baseline 0.006 -26"><span class='ocrx_word' id='word_1_184' title='bbox 223 3979 318 4066; x_wconf 78' lang='lat' dir='ltr'>saepe·</span> <span class='ocrx_word' id='word_1_185' title='bbox 328 3981 465 4044; x_wconf 77' lang='lat' dir='ltr'>mortales</span> <span class='ocrx_word' id='word_1_186' title='bbox 489 3988 678 4061; x_wconf 72' lang='lat' dir='ltr'>nominantur</span> <span class='ocrx_word' id='word_1_187' title='bbox 704 3987 847 4064; x_wconf 60' lang='lat' dir='ltr'>intrateper·</span> <span class='ocrx_word' id='word_1_188' title='bbox 882 4002 950 4052; x_wconf 87' lang='lat' dir='ltr'>vta</span> <span class='ocrx_word' id='word_1_189' title='bbox 977 3984 1096 4057; x_wconf 75' lang='lat' dir='ltr'>Platone</span> <span class='ocrx_word' id='word_1_190' title='bbox 1115 3985 1151 4046; x_wconf 80' lang='lat' dir='ltr'>de</span> 
     </span>
     <span class='ocr_line' id='line_1_31' title="bbox 224 4065 675 4154; baseline 0.004 -27"><span class='ocrx_word' id='word_1_191' title='bbox 224 4065 339 4152; x_wconf 85' lang='lat' dir='ltr'>republ.</span> <span class='ocrx_word' id='word_1_192' title='bbox 363 4067 415 4130; x_wconf 90' lang='lat' dir='ltr'>lib.</span> <span class='ocrx_word' id='word_1_193' title='bbox 429 4073 463 4132; x_wconf 86' lang='lat' dir='ltr'>X.</span> <span class='ocrx_word' id='word_1_194' title='bbox 486 4089 550 4154; x_wconf 81' lang='lat' dir='ltr'>pag.</span> <span class='ocrx_word' id='word_1_195' title='bbox 568 4073 634 4146; x_wconf 79' lang='lat'><strong>763.</strong></span> <span class='ocrx_word' id='word_1_196' title='bbox 648 4090 675 4130; x_wconf 85' lang='lat' dir='ltr'>e.</span> 
     </span>
    </p>
   </div>
   <div class='ocr_carea' id='block_1_6' title="bbox 224 4213 1154 4474">
    <p class='ocr_par' dir='ltr' id='par_1_19' title="bbox 224 4213 1154 4474">
     <span class='ocr_line' id='line_1_32' title="bbox 290 4213 1153 4303; baseline 0 -27"><span class='ocrx_word' id='word_1_197' title='bbox 290 4213 329 4279; x_wconf 85' lang='lat' dir='ltr'>V.</span> <span class='ocrx_word' id='word_1_198' title='bbox 346 4231 389 4289; x_wconf 67' lang='grc' dir='ltr'>ει.</span> <span class='ocrx_word' id='word_1_199' title='bbox 409 4241 449 4290; x_wconf 78' lang='grc' dir='ltr'>μη</span> <span class='ocrx_word' id='word_1_200' title='bbox 469 4215 625 4298; x_wconf 56' lang='lat' dir='ltr'>laureari)</span> <span class='ocrx_word' id='word_1_201' title='bbox 669 4221 754 4282; x_wconf 86' lang='lat' dir='ltr'>Certa</span> <span class='ocrx_word' id='word_1_202' title='bbox 771 4217 1079 4303; x_wconf 45' lang='lat' dir='ltr'>conieclurassrepono,</span> <span class='ocrx_word' id='word_1_203' title='bbox 1096 4239 1153 4290; x_wconf 66' lang='lat' dir='ltr'>pra.</span> 
     </span>
     <span class='ocr_line' id='line_1_33' title="bbox 226 4297 1154 4389; baseline 0.004 -26"><span class='ocrx_word' id='word_1_204' title='bbox 226 4297 386 4364; x_wconf 68' lang='lat' dir='ltr'>Defuuflue</span> <span class='ocrx_word' id='word_1_205' title='bbox 406 4303 470 4366; x_wconf 84' lang='lat' dir='ltr'>vult</span> <span class='ocrx_word' id='word_1_206' title='bbox 486 4303 514 4367; x_wconf 89' lang='lat' dir='ltr'>se</span> <span class='ocrx_word' id='word_1_207' title='bbox 533 4302 644 4366; x_wconf 80' lang='lat' dir='ltr'>letrdari</span> <span class='ocrx_word' id='word_1_208' title='bbox 657 4327 673 4366; x_wconf 90' lang='lat' dir='ltr'>a</span> <span class='ocrx_word' id='word_1_209' title='bbox 685 4321 800 4365; x_wconf 87' lang='lat' dir='ltr'>morum</span> <span class='ocrx_word' id='word_1_210' title='bbox 812 4304 974 4389; x_wconf 75' lang='lat' dir='ltr'>probitetct</span> <span class='ocrx_word' id='word_1_211' title='bbox 1002 4306 1087 4371; x_wconf 70' lang='lat' dir='ltr'>antee</span> <span class='ocrx_word' id='word_1_212' title='bbox 1101 4323 1154 4367; x_wconf 79' lang='lat' dir='ltr'>vo·</span> 
     </span>
     <span class='ocr_line' id='line_1_34' title="bbox 224 4383 792 4474; baseline 0.009 -27"><span class='ocrx_word' id='word_1_213' title='bbox 224 4383 301 4474; x_wconf 74' lang='lat' dir='ltr'>luit,</span> <span class='ocrx_word' id='word_1_214' title='bbox 314 4384 428 4472; x_wconf 65' lang='lat' dir='ltr'>¹(cinon</span> <span class='ocrx_word' id='word_1_215' title='bbox 444 4387 556 4454; x_wconf 81' lang='lat' dir='ltr'>laudari</span> <span class='ocrx_word' id='word_1_216' title='bbox 567 4391 604 4454; x_wconf 83' lang='lat' dir='ltr'>ab</span> <span class='ocrx_word' id='word_1_217' title='bbox 620 4390 792 4460; x_wconf 79' lang='lat' dir='ltr'>eruditione.</span> 
     </span>
    </p>
   </div>
   <div class='ocr_carea' id='block_1_7' title="bbox 1063 4508 1156 4586">
    <p class='ocr_par' dir='ltr' id='par_1_20' title="bbox 1063 4508 1156 4586">
     <span class='ocr_line' id='line_1_35' title="bbox 1063 4508 1156 4586; baseline 0.022 -16"><span class='ocrx_word' id='word_1_218' title='bbox 1063 4508 1101 4573; x_wconf 79' lang='lat' dir='ltr'>V.</span> <span class='ocrx_word' id='word_1_219' title='bbox 1114 4519 1156 4586; x_wconf 72' lang='lat'>85.</span> 
     </span>
    </p>
   </div>
   <div class='ocr_carea' id='block_1_8' title="bbox 0 0 1695 5384">
    <p class='ocr_par' dir='ltr' id='par_1_21' title="bbox 0 0 1695 5384">
     <span class='ocr_line' id='line_1_36' title="bbox 0 0 1695 5384; baseline 0 0"><span class='ocrx_word' id='word_1_220' title='bbox 0 0 1695 5384; x_wconf 95' lang='lat' dir='ltr'> </span> 
     </span>
    </p>
   </div>
  </div>
 </body>
</html>
