<?xml version="1.0" encoding="UTF-8"?>
<!DOCTYPE html PUBLIC "-//W3C//DTD XHTML 1.0 Transitional//EN"
    "http://www.w3.org/TR/xhtml1/DTD/xhtml1-transitional.dtd">
<html xmlns="http://www.w3.org/1999/xhtml" xml:lang="en" lang="en">
 <head>
  <title>
</title>
<meta http-equiv="Content-Type" content="text/html;charset=utf-8" />
  <meta name='ocr-system' content='tesseract 3.04.00' />
  <meta name='ocr-capabilities' content='ocr_page ocr_carea ocr_par ocr_line ocrx_word'/>
</head>
<body>
  <div class='ocr_page' id='page_1' title='image "./manvelisphilaec00philgoog_0071.png"; bbox 0 0 3375 5384; ppageno 0'>
   <div class='ocr_carea' id='block_1_1' title="bbox 344 732 1245 858">
    <p class='ocr_par' dir='ltr' id='par_1_1' title="bbox 344 732 1245 858">
     <span class='ocr_line' id='line_1_1' title="bbox 344 732 1245 858; baseline 0.002 -23"><span class='ocrx_word' id='word_1_1' title='bbox 344 757 570 858; x_wconf 73' lang='lat' dir='ltr'>cruuuu</span> <span class='ocrx_word' id='word_1_2' title='bbox 596 758 666 833; x_wconf 80' lang='lat' dir='ltr'>or</span> <span class='ocrx_word' id='word_1_3' title='bbox 697 759 730 839; x_wconf 88' lang='lat' dir='ltr'>s.</span> <span class='ocrx_word' id='word_1_4' title='bbox 754 732 1069 858; x_wconf 54' lang='lat' dir='ltr'>‘euroboreo</span> <span class='ocrx_word' id='word_1_5' title='bbox 1134 784 1171 856; x_wconf 69' lang='lat'>³3</span> <span class='ocrx_word' id='word_1_6' title='bbox 1240 760 1245 775; x_wconf 77' lang='lat'><strong><em>‘</em></strong></span> 
     </span>
    </p>
   </div>
   <div class='ocr_carea' id='block_1_2' title="bbox 179 940 1277 3532">
    <p class='ocr_par' dir='ltr' id='par_1_2' title="bbox 239 940 1240 1255">
     <span class='ocr_line' id='line_1_2' title="bbox 239 940 1240 1052; baseline -0.005 -26"><span class='ocrx_word' id='word_1_7' title='bbox 239 969 317 1027; x_wconf 85' lang='lat' dir='ltr'>rum</span> <span class='ocrx_word' id='word_1_8' title='bbox 342 954 506 1052; x_wconf 84' lang='lat' dir='ltr'>inopiam,</span> <span class='ocrx_word' id='word_1_9' title='bbox 527 945 695 1022; x_wconf 86' lang='lat' dir='ltr'>celerrima</span> <span class='ocrx_word' id='word_1_10' title='bbox 724 940 923 1022; x_wconf 69' lang='lat' dir='ltr'><strong>cibariorum</strong></span> <span class='ocrx_word' id='word_1_11' title='bbox 960 952 1175 1043; x_wconf 63' lang='lat' dir='ltr'>inuentionej,</span> <span class='ocrx_word' id='word_1_12' title='bbox 1236 952 1240 979; x_wconf 91' lang='lat'><em>&#39;</em></span> 
     </span>
     <span class='ocr_line' id='line_1_3' title="bbox 239 1049 1174 1153; baseline -0.006 -24"><span class='ocrx_word' id='word_1_13' title='bbox 239 1054 391 1148; x_wconf 83' lang='lat' dir='ltr'>sustulit,</span> <span class='ocrx_word' id='word_1_14' title='bbox 424 1049 574 1125; x_wconf 73' lang='lat' dir='ltr'>idem&#39;et</span> <span class='ocrx_word' id='word_1_15' title='bbox 597 1054 685 1126; x_wconf 90' lang='lat' dir='ltr'>huuc</span> <span class='ocrx_word' id='word_1_16' title='bbox 709 1051 836 1127; x_wconf 85' lang='lat' dir='ltr'>nodum·</span> <span class='ocrx_word' id='word_1_17' title='bbox 861 1071 1015 1153; x_wconf 81' lang='lat' dir='ltr'>tanquam</span> <span class='ocrx_word' id='word_1_18' title='bbox 1041 1078 1174 1124; x_wconf 82' lang='lat' dir='ltr'>araneae</span> 
     </span>
     <span class='ocr_line' id='line_1_4' title="bbox 240 1154 1176 1255; baseline -0.004 -23"><span class='ocrx_word' id='word_1_19' title='bbox 240 1155 506 1232; x_wconf 79' lang='lat' dir='ltr'>telam&#39;tenuibua</span> <span class='ocrx_word' id='word_1_20' title='bbox 522 1171 643 1229; x_wconf 78' lang='lat' dir='ltr'><strong>textam</strong></span> <span class='ocrx_word' id='word_1_21' title='bbox 654 1155 743 1242; x_wconf 78' lang='lat' dir='ltr'>tilis,</span> <span class='ocrx_word' id='word_1_22' title='bbox 767 1154 895 1229; x_wconf 87' lang='lat' dir='ltr'>soluere</span> <span class='ocrx_word' id='word_1_23' title='bbox 907 1163 1050 1255; x_wconf 88' lang='lat' dir='ltr'>poterit,</span> <span class='ocrx_word' id='word_1_24' title='bbox 1075 1154 1176 1230; x_wconf 85' lang='lat' dir='ltr'>fiite-</span> 
     </span>
    </p>

    <p class='ocr_par' dir='ltr' id='par_1_3' title="bbox 179 1254 1277 3532">
     <span class='ocr_line' id='line_1_5' title="bbox 239 1254 947 1363; baseline -0.006 -26"><span class='ocrx_word' id='word_1_25' title='bbox 239 1288 317 1337; x_wconf 86' lang='lat' dir='ltr'>rum</span> <span class='ocrx_word' id='word_1_26' title='bbox 334 1257 509 1363; x_wconf 86' lang='lat' dir='ltr'>aliquando</span> <span class='ocrx_word' id='word_1_27' title='bbox 528 1256 637 1361; x_wconf 80' lang='lat' dir='ltr'><strong>dignis</strong></span> <span class='ocrx_word' id='word_1_28' title='bbox 653 1266 730 1332; x_wconf 82' lang='lat' dir='ltr'>viris</span> <span class='ocrx_word' id='word_1_29' title='bbox 752 1254 947 1361; x_wconf 88' lang='lat' dir='ltr'>apparuerit.</span> 
     </span>
     <span class='ocr_line' id='line_1_6' title="bbox 343 1359 1258 1465; baseline 0.001 -30"><span class='ocrx_word' id='word_1_30' title='bbox 343 1368 566 1435; x_wconf 80' lang='lat' dir='ltr'>Veruntamen</span> <span class='ocrx_word' id='word_1_31' title='bbox 594 1381 630 1437; x_wconf 89' lang='lat' dir='ltr'>vt</span> <span class='ocrx_word' id='word_1_32' title='bbox 653 1368 756 1465; x_wconf 82' lang='lat' dir='ltr'>magis</span> <span class='ocrx_word' id='word_1_33' title='bbox 775 1362 859 1437; x_wconf 87' lang='lat' dir='ltr'>iilud</span> <span class='ocrx_word' id='word_1_34' title='bbox 876 1359 1020 1435; x_wconf 77' lang='lat' dir='ltr'><strong>admirer</strong></span> <span class='ocrx_word' id='word_1_35' title='bbox 1035 1360 1173 1435; x_wconf 88' lang='lat' dir='ltr'>alimen·</span> <span class='ocrx_word' id='word_1_36' title='bbox 1255 1369 1258 1381; x_wconf 77' lang='lat'><em>&#39;</em></span> 
     </span>
     <span class='ocr_line' id='line_1_7' title="bbox 237 1462 1175 1567; baseline -0.003 -27"><span class='ocrx_word' id='word_1_37' title='bbox 237 1485 329 1556; x_wconf 88' lang='lat' dir='ltr'>tum,</span> <span class='ocrx_word' id='word_1_38' title='bbox 354 1474 449 1566; x_wconf 90' lang='lat' dir='ltr'>(uam</span> <span class='ocrx_word' id='word_1_39' title='bbox 465 1484 498 1538; x_wconf 93' lang='lat' dir='ltr'>et</span> <span class='ocrx_word' id='word_1_40' title='bbox 511 1462 620 1567; x_wconf 84' lang='lat' dir='ltr'>lingua</span> <span class='ocrx_word' id='word_1_41' title='bbox 638 1487 670 1540; x_wconf 91' lang='lat' dir='ltr'>et</span> <span class='ocrx_word' id='word_1_42' title='bbox 684 1466 775 1540; x_wconf 86' lang='lat' dir='ltr'>meus</span> <span class='ocrx_word' id='word_1_43' title='bbox 789 1473 939 1540; x_wconf 89' lang='lat' dir='ltr'>oratione</span> <span class='ocrx_word' id='word_1_44' title='bbox 958 1468 1175 1565; x_wconf 62' lang='lat' dir='ltr'>luxuriatum)</span> 
     </span>
     <span class='ocr_line' id='line_1_8' title="bbox 237 1565 1250 1671; baseline -0.005 -26"><span class='ocrx_word' id='word_1_45' title='bbox 237 1578 364 1646; x_wconf 84' lang='lat' dir='ltr'>zizania</span> <span class='ocrx_word' id='word_1_46' title='bbox 389 1596 474 1671; x_wconf 90' lang='lat' dir='ltr'>puro</span> <span class='ocrx_word' id='word_1_47' title='bbox 498 1574 607 1642; x_wconf 86' lang='lat' dir='ltr'>tritico</span> <span class='ocrx_word' id='word_1_48' title='bbox 624 1595 741 1671; x_wconf 76' lang='lat' dir='ltr'>prauus</span> <span class='ocrx_word' id='word_1_49' title='bbox 759 1574 865 1644; x_wconf 89' lang='lat' dir='ltr'>homo</span> <span class='ocrx_word' id='word_1_50' title='bbox 882 1568 1065 1643; x_wconf 86' lang='lat' dir='ltr'>clanculum</span> <span class='ocrx_word' id='word_1_51' title='bbox 1091 1565 1173 1641; x_wconf 90' lang='lat' dir='ltr'>inse·</span> <span class='ocrx_word' id='word_1_52' title='bbox 1246 1618 1250 1633; x_wconf 84' lang='lat'>.</span> 
     </span>
     <span class='ocr_line' id='line_1_9' title="bbox 238 1670 1176 1777; baseline -0.003 -30"><span class='ocrx_word' id='word_1_53' title='bbox 238 1674 355 1754; x_wconf 74' lang='lat' dir='ltr'>rebatt</span> <span class='ocrx_word' id='word_1_54' title='bbox 376 1671 486 1748; x_wconf 77' lang='lat' dir='ltr'>¹bouus</span> <span class='ocrx_word' id='word_1_55' title='bbox 507 1693 615 1745; x_wconf 84' lang='lat' dir='ltr'>autern</span> <span class='ocrx_word' id='word_1_56' title='bbox 641 1696 767 1768; x_wconf 87' lang='lat' dir='ltr'>martyr</span> <span class='ocrx_word' id='word_1_57' title='bbox 792 1694 890 1777; x_wconf 87' lang='lat' dir='ltr'>atquc</span> <span class='ocrx_word' id='word_1_58' title='bbox 918 1675 969 1744; x_wconf 79' lang='lat' dir='ltr'>his</span> <span class='ocrx_word' id='word_1_59' title='bbox 986 1670 1176 1746; x_wconf 77' lang='lat' dir='ltr'>mortalibus</span> 
     </span>
     <span class='ocr_line' id='line_1_10' title="bbox 237 1772 1174 1878; baseline -0.005 -28"><span class='ocrx_word' id='word_1_60' title='bbox 237 1777 430 1850; x_wconf 84' lang='lat' dir='ltr'>hominibut&#39;</span> <span class='ocrx_word' id='word_1_61' title='bbox 442 1774 609 1878; x_wconf 88' lang='lat' dir='ltr'>superior,</span> <span class='ocrx_word' id='word_1_62' title='bbox 637 1778 748 1851; x_wconf 87' lang='lat' dir='ltr'>euellit</span> <span class='ocrx_word' id='word_1_63' title='bbox 772 1778 856 1851; x_wconf 85' lang='lat' dir='ltr'>clam</span> <span class='ocrx_word' id='word_1_64' title='bbox 882 1802 900 1849; x_wconf 87' lang='lat' dir='ltr'>e</span> <span class='ocrx_word' id='word_1_65' title='bbox 923 1783 1032 1849; x_wconf 84' lang='lat' dir='ltr'>tritico</span> <span class='ocrx_word' id='word_1_66' title='bbox 1050 1772 1174 1876; x_wconf 87' lang='lat' dir='ltr'>spinas,</span> 
     </span>
     <span class='ocr_line' id='line_1_11' title="bbox 237 1877 1175 1983; baseline -0.002 -30"><span class='ocrx_word' id='word_1_67' title='bbox 237 1902 274 1955; x_wconf 86' lang='lat' dir='ltr'>vt</span> <span class='ocrx_word' id='word_1_68' title='bbox 291 1877 326 1953; x_wconf 92' lang='lat' dir='ltr'>id</span> <span class='ocrx_word' id='word_1_69' title='bbox 344 1882 434 1955; x_wconf 83' lang='lat' dir='ltr'>cibu&#39;r</span> <span class='ocrx_word' id='word_1_70' title='bbox 446 1880 504 1953; x_wconf 84' lang='lat' dir='ltr'>fiat</span> <span class='ocrx_word' id='word_1_71' title='bbox 522 1886 585 1979; x_wconf 82' lang='lat' dir='ltr'>piis</span> <span class='ocrx_word' id='word_1_72' title='bbox 602 1880 790 1956; x_wconf 74' lang='lat' dir='ltr'>hominibus</span> <span class='ocrx_word' id='word_1_73' title='bbox 808 1879 1018 1983; x_wconf 83' lang='lat' dir='ltr'>exoptandur.</span> <span class='ocrx_word' id='word_1_74' title='bbox 1094 1880 1175 1952; x_wconf 83' lang='lat' dir='ltr'>inii·</span> 
     </span>
     <span class='ocr_line' id='line_1_12' title="bbox 237 1981 1175 2085; baseline -0.003 -27"><span class='ocrx_word' id='word_1_75' title='bbox 237 1994 382 2076; x_wconf 83' lang='lat' dir='ltr'>ciamua,</span> <span class='ocrx_word' id='word_1_76' title='bbox 411 1984 601 2085; x_wconf 81' lang='lat' dir='ltr'>inquiebant</span> <span class='ocrx_word' id='word_1_77' title='bbox 634 1982 723 2059; x_wconf 82' lang='lat' dir='ltr'>forte</span> <span class='ocrx_word' id='word_1_78' title='bbox 748 1985 866 2059; x_wconf 84' lang='lat' dir='ltr'>iuliani</span> <span class='ocrx_word' id='word_1_79' title='bbox 893 2004 1018 2083; x_wconf 84' lang='lat' dir='ltr'>patrea,</span> <span class='ocrx_word' id='word_1_80' title='bbox 1044 1981 1175 2082; x_wconf 86' lang='lat' dir='ltr'>liguum</span> 
     </span>
     <span class='ocr_line' id='line_1_13' title="bbox 237 2084 1174 2190; baseline -0.004 -27"><span class='ocrx_word' id='word_1_81' title='bbox 237 2097 273 2163; x_wconf 89' lang='lat' dir='ltr'>iu</span> <span class='ocrx_word' id='word_1_82' title='bbox 291 2114 412 2190; x_wconf 86' lang='lat' dir='ltr'>panem</span> <span class='ocrx_word' id='word_1_83' title='bbox 428 2094 509 2165; x_wconf 82' lang='lat' dir='ltr'>eius.</span> <span class='ocrx_word' id='word_1_84' title='bbox 559 2085 660 2161; x_wconf 78' lang='lat' dir='ltr'>Filius</span> <span class='ocrx_word' id='word_1_85' title='bbox 681 2108 790 2163; x_wconf 87' lang='lat' dir='ltr'>autem</span> <span class='ocrx_word' id='word_1_86' title='bbox 811 2084 977 2189; x_wconf 74' lang='lat' dir='ltr'>patrissans</span> <span class='ocrx_word' id='word_1_87' title='bbox 997 2112 1085 2159; x_wconf 88' lang='lat' dir='ltr'>nunc</span> <span class='ocrx_word' id='word_1_88' title='bbox 1110 2091 1174 2159; x_wconf 92' lang='lat' dir='ltr'>ait:</span> 
     </span>
     <span class='ocr_line' id='line_1_14' title="bbox 236 2192 1174 2288; baseline -0.005 -22"><span class='ocrx_word' id='word_1_89' title='bbox 236 2197 384 2266; x_wconf 83' lang='lat' dir='ltr'>iniiciam</span> <span class='ocrx_word' id='word_1_90' title='bbox 415 2196 451 2263; x_wconf 88' lang='lat' dir='ltr'>in</span> <span class='ocrx_word' id='word_1_91' title='bbox 474 2218 593 2288; x_wconf 89' lang='lat' dir='ltr'>panem</span> <span class='ocrx_word' id='word_1_92' title='bbox 613 2192 893 2279; x_wconf 82' lang='lat' dir='ltr'>Christianorum,</span> <span class='ocrx_word' id='word_1_93' title='bbox 927 2212 963 2265; x_wconf 83' lang='lat' dir='ltr'>vt</span> <span class='ocrx_word' id='word_1_94' title='bbox 996 2202 1058 2264; x_wconf 79' lang='lat' dir='ltr'>eoa</span> <span class='ocrx_word' id='word_1_95' title='bbox 1085 2208 1174 2261; x_wconf 78' lang='lat' dir='ltr'>totos</span> 
     </span>
     <span class='ocr_line' id='line_1_15' title="bbox 236 2292 1227 2396; baseline -0.003 -29"><span class='ocrx_word' id='word_1_96' title='bbox 236 2301 419 2396; x_wconf 80' lang='lat' dir='ltr'>perimam,</span> <span class='ocrx_word' id='word_1_97' title='bbox 449 2296 614 2394; x_wconf 75' lang='lat' dir='ltr'>piaculum</span> <span class='ocrx_word' id='word_1_98' title='bbox 637 2294 801 2385; x_wconf 89' lang='lat' dir='ltr'>foedum,</span> <span class='ocrx_word' id='word_1_99' title='bbox 840 2314 1002 2368; x_wconf 86' lang='lat' dir='ltr'>nontam</span> <span class='ocrx_word' id='word_1_100' title='bbox 1033 2318 1174 2393; x_wconf 85' lang='lat' dir='ltr'>corpora</span> <span class='ocrx_word' id='word_1_101' title='bbox 1212 2292 1227 2318; x_wconf 59' lang='grc'><strong><em>“</em></strong></span> 
     </span>
     <span class='ocr_line' id='line_1_16' title="bbox 238 2392 1173 2501; baseline 0 -32"><span class='ocrx_word' id='word_1_102' title='bbox 238 2392 404 2497; x_wconf 83' lang='lat' dir='ltr'>affligem,</span> <span class='ocrx_word' id='word_1_103' title='bbox 427 2404 524 2497; x_wconf 83' lang='lat' dir='ltr'>quam</span> <span class='ocrx_word' id='word_1_104' title='bbox 537 2406 660 2495; x_wconf 84' lang='lat' dir='ltr'>animas</span> <span class='ocrx_word' id='word_1_105' title='bbox 675 2402 811 2489; x_wconf 82' lang='lat' dir='ltr'>necans,</span> <span class='ocrx_word' id='word_1_106' title='bbox 834 2397 925 2501; x_wconf 91' lang='lat' dir='ltr'>quod</span> <span class='ocrx_word' id='word_1_107' title='bbox 939 2403 1056 2499; x_wconf 84' lang='lat' dir='ltr'>magis,</span> <span class='ocrx_word' id='word_1_108' title='bbox 1074 2422 1173 2495; x_wconf 89' lang='lat' dir='ltr'>quam</span> 
     </span>
     <span class='ocr_line' id='line_1_17' title="bbox 179 2496 1172 2605; baseline -0.004 -31"><span class='ocrx_word' id='word_1_109' title='bbox 179 2502 181 2506; x_wconf 74' lang='grc'><strong>’</strong></span> <span class='ocrx_word' id='word_1_110' title='bbox 239 2496 387 2599; x_wconf 56' lang='lat' dir='ltr'>Quum,</span> <span class='ocrx_word' id='word_1_111' title='bbox 410 2499 668 2601; x_wconf 65' lang='lat' dir='ltr'>quam‘gladim,</span> <span class='ocrx_word' id='word_1_112' title='bbox 694 2529 793 2605; x_wconf 87' lang='lat' dir='ltr'>quam</span> <span class='ocrx_word' id='word_1_113' title='bbox 807 2502 864 2576; x_wconf 94' lang='lat' dir='ltr'>teli</span> <span class='ocrx_word' id='word_1_114' title='bbox 883 2500 986 2603; x_wconf 82' lang='lat' dir='ltr'>cuspis</span> <span class='ocrx_word' id='word_1_115' title='bbox 1003 2497 1172 2578; x_wconf 72' lang='lat' dir='ltr'>concidatz</span> 
     </span>
     <span class='ocr_line' id='line_1_18' title="bbox 239 2600 1277 2705; baseline -0.003 -33"><span class='ocrx_word' id='word_1_116' title='bbox 239 2600 346 2701; x_wconf 72' lang='lat' dir='ltr'>reperi</span> <span class='ocrx_word' id='word_1_117' title='bbox 365 2620 517 2699; x_wconf 87' lang='lat' dir='ltr'>tanquam</span> <span class='ocrx_word' id='word_1_118' title='bbox 538 2602 699 2674; x_wconf 85' lang='lat' dir='ltr'>adtmcum</span> <span class='ocrx_word' id='word_1_119' title='bbox 725 2608 859 2678; x_wconf 83' lang='lat' dir='ltr'>hamum</span> <span class='ocrx_word' id='word_1_120' title='bbox 885 2604 966 2683; x_wconf 90' lang='lat' dir='ltr'>illud</span> <span class='ocrx_word' id='word_1_121' title='bbox 988 2603 1171 2705; x_wconf 84' lang='lat' dir='ltr'>piaculum,</span> <span class='ocrx_word' id='word_1_122' title='bbox 1273 2662 1277 2669; x_wconf 77' lang='grc'>,</span> 
     </span>
     <span class='ocr_line' id='line_1_19' title="bbox 240 2702 1173 2808; baseline 0.002 -31"><span class='ocrx_word' id='word_1_123' title='bbox 240 2712 336 2806; x_wconf 90' lang='lat' dir='ltr'>eique</span> <span class='ocrx_word' id='word_1_124' title='bbox 357 2704 468 2776; x_wconf 89' lang='lat' dir='ltr'>cibum</span> <span class='ocrx_word' id='word_1_125' title='bbox 488 2722 640 2804; x_wconf 88' lang='lat' dir='ltr'>tanquam</span> <span class='ocrx_word' id='word_1_126' title='bbox 662 2702 779 2778; x_wconf 81' lang='lat' dir='ltr'>escam‘</span> <span class='ocrx_word' id='word_1_127' title='bbox 797 2710 998 2805; x_wconf 76' lang='lat' dir='ltr'>appendam,</span> <span class='ocrx_word' id='word_1_128' title='bbox 1027 2724 1061 2779; x_wconf 91' lang='lat' dir='ltr'>vt</span> <span class='ocrx_word' id='word_1_129' title='bbox 1081 2733 1173 2808; x_wconf 84' lang='lat' dir='ltr'>prae·</span> 
     </span>
     <span class='ocr_line' id='line_1_20' title="bbox 239 2806 1172 2910; baseline -0.001 -30"><span class='ocrx_word' id='word_1_130' title='bbox 239 2806 282 2881; x_wconf 89' lang='lat' dir='ltr'>da</span> <span class='ocrx_word' id='word_1_131' title='bbox 297 2808 381 2879; x_wconf 90' lang='lat' dir='ltr'>mihi</span> <span class='ocrx_word' id='word_1_132' title='bbox 396 2808 478 2893; x_wconf 81' lang='lat' dir='ltr'>fiairt</span> <span class='ocrx_word' id='word_1_133' title='bbox 491 2828 524 2881; x_wconf 88' lang='lat' dir='ltr'>et</span> <span class='ocrx_word' id='word_1_134' title='bbox 538 2812 664 2881; x_wconf 83' lang='lat' dir='ltr'>animae</span> <span class='ocrx_word' id='word_1_135' title='bbox 685 2828 718 2881; x_wconf 96' lang='lat' dir='ltr'>et</span> <span class='ocrx_word' id='word_1_136' title='bbox 730 2806 902 2883; x_wconf 79' lang='lat' dir='ltr'>famelicae</span> <span class='ocrx_word' id='word_1_137' title='bbox 919 2808 1106 2910; x_wconf 83' lang='lat' dir='ltr'>laqueoque</span> <span class='ocrx_word' id='word_1_138' title='bbox 1122 2814 1172 2881; x_wconf 88' lang='lat' dir='ltr'>iu·</span> 
     </span>
     <span class='ocr_line' id='line_1_21' title="bbox 239 2905 1172 2999; baseline -0.003 -15"><span class='ocrx_word' id='word_1_139' title='bbox 239 2913 364 2984; x_wconf 81' lang='lat' dir='ltr'>hirnter</span> <span class='ocrx_word' id='word_1_140' title='bbox 398 2905 518 2985; x_wconf 79' lang='lat' dir='ltr'>fauces.</span> <span class='ocrx_word' id='word_1_141' title='bbox 596 2910 799 2985; x_wconf 81' lang='lat' dir='ltr'>Theodoms</span> <span class='ocrx_word' id='word_1_142' title='bbox 834 2936 923 2985; x_wconf 84' lang='lat' dir='ltr'>vero.</span> <span class='ocrx_word' id='word_1_143' title='bbox 951 2930 1017 2981; x_wconf 81' lang='lat' dir='ltr'>tam</span> <span class='ocrx_word' id='word_1_144' title='bbox 1044 2906 1172 2999; x_wconf 85' lang='lat' dir='ltr'>escam,</span> 
     </span>
     <span class='ocr_line' id='line_1_22' title="bbox 240 3010 1172 3119; baseline -0.005 -33"><span class='ocrx_word' id='word_1_145' title='bbox 240 3042 337 3119; x_wconf 89' lang='lat' dir='ltr'>quam</span> <span class='ocrx_word' id='word_1_146' title='bbox 353 3012 481 3115; x_wconf 84' lang='lat' dir='ltr'>lignum</span> <span class='ocrx_word' id='word_1_147' title='bbox 499 3032 533 3085; x_wconf 88' lang='lat' dir='ltr'>et</span> <span class='ocrx_word' id='word_1_148' title='bbox 546 3012 701 3114; x_wconf 84' lang='lat' dir='ltr'>quicquid</span> <span class='ocrx_word' id='word_1_149' title='bbox 717 3016 900 3116; x_wconf 83' lang='lat' dir='ltr'>pungebat,</span> <span class='ocrx_word' id='word_1_150' title='bbox 927 3022 1066 3086; x_wconf 82' lang='lat' dir='ltr'>omniuo</span> <span class='ocrx_word' id='word_1_151' title='bbox 1084 3010 1172 3084; x_wconf 85' lang='lat' dir='ltr'>euel.</span> 
     </span>
     <span class='ocr_line' id='line_1_23' title="bbox 241 3103 1172 3221; baseline -0.003 -32"><span class='ocrx_word' id='word_1_152' title='bbox 241 3118 296 3205; x_wconf 86' lang='lat' dir='ltr'>lit,</span> <span class='ocrx_word' id='word_1_153' title='bbox 318 3114 465 3219; x_wconf 86' lang='lat' dir='ltr'>adeoque</span> <span class='ocrx_word' id='word_1_154' title='bbox 497 3116 684 3217; x_wconf 83' lang='lat' dir='ltr'>epericulo</span> <span class='ocrx_word' id='word_1_155' title='bbox 711 3118 825 3192; x_wconf 87' lang='lat' dir='ltr'>liberat</span> <span class='ocrx_word' id='word_1_156' title='bbox 841 3120 977 3221; x_wconf 83' lang='lat' dir='ltr'>cupidos</span> <span class='ocrx_word' id='word_1_157' title='bbox 997 3103 1172 3205; x_wconf 84' lang='lat' dir='ltr'>libertatis,</span> 
     </span>
     <span class='ocr_line' id='line_1_24' title="bbox 240 3220 1173 3324; baseline -0.002 -31"><span class='ocrx_word' id='word_1_158' title='bbox 240 3221 375 3324; x_wconf 88' lang='lat' dir='ltr'>lupique</span> <span class='ocrx_word' id='word_1_159' title='bbox 389 3222 510 3297; x_wconf 86' lang='lat' dir='ltr'>rabiem</span> <span class='ocrx_word' id='word_1_160' title='bbox 531 3248 569 3293; x_wconf 87' lang='lat' dir='ltr'>ex</span> <span class='ocrx_word' id='word_1_161' title='bbox 591 3220 674 3297; x_wconf 91' lang='lat' dir='ltr'>ouili</span> <span class='ocrx_word' id='word_1_162' title='bbox 691 3225 838 3311; x_wconf 64' lang='lat' dir='ltr'>extrudit.</span> <span class='ocrx_word' id='word_1_163' title='bbox 891 3226 988 3295; x_wconf 89' lang='lat' dir='ltr'>Tum</span> <span class='ocrx_word' id='word_1_164' title='bbox 1010 3234 1049 3295; x_wconf 86' lang='lat' dir='ltr'>e&#39;x</span> <span class='ocrx_word' id='word_1_165' title='bbox 1075 3220 1173 3293; x_wconf 86' lang='lat' dir='ltr'>leone</span> 
     </span>
     <span class='ocr_line' id='line_1_25' title="bbox 241 3322 1173 3432; baseline -0.001 -33"><span class='ocrx_word' id='word_1_166' title='bbox 241 3332 278 3411; x_wconf 72' lang='lat' dir='ltr'>ira</span> <span class='ocrx_word' id='word_1_167' title='bbox 301 3323 435 3399; x_wconf 84' lang='lat' dir='ltr'>allutam</span> <span class='ocrx_word' id='word_1_168' title='bbox 463 3324 594 3429; x_wconf 81' lang='lat' dir='ltr'>vulpem</span> <span class='ocrx_word' id='word_1_169' title='bbox 614 3346 648 3400; x_wconf 86' lang='lat' dir='ltr'>et</span> <span class='ocrx_word' id='word_1_170' title='bbox 673 3353 715 3403; x_wconf 79' lang='lat' dir='ltr'>ex</span> <span class='ocrx_word' id='word_1_171' title='bbox 737 3331 939 3432; x_wconf 82' lang='lat' dir='ltr'>Imperatore</span> <span class='ocrx_word' id='word_1_172' title='bbox 968 3332 1003 3399; x_wconf 91' lang='lat' dir='ltr'>iu</span> <span class='ocrx_word' id='word_1_173' title='bbox 1026 3322 1173 3425; x_wconf 89' lang='lat' dir='ltr'>spurium</span> 
     </span>
     <span class='ocr_line' id='line_1_26' title="bbox 1051 3454 1175 3532; baseline -0.024 -28"><span class='ocrx_word' id='word_1_174' title='bbox 1051 3454 1175 3532; x_wconf 86' lang='lat' dir='ltr'>caupo··</span> 
     </span>
    </p>
   </div>
   <div class='ocr_carea' id='block_1_3' title="bbox 242 3695 1172 3931">
    <p class='ocr_par' dir='ltr' id='par_1_4' title="bbox 242 3695 1172 3931">
     <span class='ocr_line' id='line_1_27' title="bbox 305 3695 1172 3785; baseline 0.006 -26"><span class='ocrx_word' id='word_1_175' title='bbox 305 3700 342 3759; x_wconf 81' lang='lat' dir='ltr'>V.</span> <span class='ocrx_word' id='word_1_176' title='bbox 356 3716 412 3780; x_wconf 66' lang='lat'>151·</span> <span class='ocrx_word' id='word_1_177' title='bbox 434 3695 583 3780; x_wconf 61' lang='lat' dir='ltr'>Gaulopes)</span> <span class='ocrx_word' id='word_1_178' title='bbox 612 3706 635 3762; x_wconf 87' lang='lat'>1.</span> <span class='ocrx_word' id='word_1_179' title='bbox 652 3708 690 3765; x_wconf 80' lang='lat' dir='ltr'>H.</span> <span class='ocrx_word' id='word_1_180' title='bbox 706 3704 800 3765; x_wconf 82' lang='lat' dir='ltr'>Maiue</span> <span class='ocrx_word' id='word_1_181' title='bbox 817 3700 911 3765; x_wconf 84' lang='lat' dir='ltr'>Catal.</span> <span class='ocrx_word' id='word_1_182' title='bbox 927 3700 1042 3764; x_wconf 80' lang='lat' dir='ltr'>Vffenb.</span> <span class='ocrx_word' id='word_1_183' title='bbox 1061 3724 1090 3785; x_wconf 88' lang='lat' dir='ltr'>p·</span> <span class='ocrx_word' id='word_1_184' title='bbox 1111 3717 1172 3781; x_wconf 79' lang='lat'>587.</span> 
     </span>
     <span class='ocr_line' id='line_1_28' title="bbox 242 3780 1172 3873; baseline 0.005 -31"><span class='ocrx_word' id='word_1_185' title='bbox 242 3783 347 3845; x_wconf 82' lang='lat' dir='ltr'>itemm</span> <span class='ocrx_word' id='word_1_186' title='bbox 365 3786 412 3845; x_wconf 88' lang='lat' dir='ltr'>hic</span> <span class='ocrx_word' id='word_1_187' title='bbox 433 3784 520 3865; x_wconf 83' lang='lat' dir='ltr'>legit,</span> <span class='ocrx_word' id='word_1_188' title='bbox 540 3780 673 3847; x_wconf 65' lang='lat' dir='ltr'>&amp;eulaeus</span> <span class='ocrx_word' id='word_1_189' title='bbox 690 3784 735 3861; x_wconf 67' lang='lat' dir='ltr'>ab,</span> <span class='ocrx_word' id='word_1_190' title='bbox 765 3804 943 3873; x_wconf 75' lang='lat' dir='ltr'>repugnante</span> <span class='ocrx_word' id='word_1_191' title='bbox 965 3804 993 3850; x_wconf 88' lang='lat' dir='ltr'>et</span> <span class='ocrx_word' id='word_1_192' title='bbox 1024 3788 1121 3849; x_wconf 81' lang='lat' dir='ltr'>todire</span> <span class='ocrx_word' id='word_1_193' title='bbox 1143 3800 1172 3847; x_wconf 89' lang='lat' dir='ltr'>et</span> 
     </span>
     <span class='ocr_line' id='line_1_29' title="bbox 242 3880 1154 3931; baseline 0.001 0"><span class='ocrx_word' id='word_1_194' title='bbox 242 3886 347 3931; x_wconf 65' lang='lat' dir='ltr'>miro-</span> <span class='ocrx_word' id='word_1_195' title='bbox 950 3882 952 3891; x_wconf 59' lang='lat'><strong>¹</strong></span> <span class='ocrx_word' id='word_1_196' title='bbox 1152 3880 1154 3883; x_wconf 38' lang='lat'>¹</span> 
     </span>
    </p>
   </div>
   <div class='ocr_carea' id='block_1_4' title="bbox 243 3984 1173 4228">
    <p class='ocr_par' dir='ltr' id='par_1_5' title="bbox 243 3984 1173 4228">
     <span class='ocr_line' id='line_1_30' title="bbox 267 3984 1172 4077; baseline -0.01 -19"><span class='ocrx_word' id='word_1_197' title='bbox 267 4018 270 4023; x_wconf 84' lang='lat'>·</span> <span class='ocrx_word' id='word_1_198' title='bbox 308 3992 342 4051; x_wconf 83' lang='lat' dir='ltr'>V·</span> <span class='ocrx_word' id='word_1_199' title='bbox 357 4003 414 4058; x_wconf 81' lang='lat'>152.</span> <span class='ocrx_word' id='word_1_200' title='bbox 442 4006 474 4044; x_wconf 60' lang='lat'>³⁰</span> <span class='ocrx_word' id='word_1_201' title='bbox 501 4000 622 4068; x_wconf 65' lang='grc' dir='ltr'>τμχον)</span> <span class='ocrx_word' id='word_1_202' title='bbox 666 3988 703 4053; x_wconf 80' lang='lat' dir='ltr'>id</span> <span class='ocrx_word' id='word_1_203' title='bbox 718 3988 801 4077; x_wconf 78' lang='lat' dir='ltr'>quod</span> <span class='ocrx_word' id='word_1_204' title='bbox 814 3989 917 4053; x_wconf 83' lang='lat' dir='ltr'>urebat</span> <span class='ocrx_word' id='word_1_205' title='bbox 942 4006 970 4051; x_wconf 84' lang='lat' dir='ltr'>et</span> <span class='ocrx_word' id='word_1_206' title='bbox 990 3986 1067 4051; x_wconf 84' lang='lat' dir='ltr'>nrale</span> <span class='ocrx_word' id='word_1_207' title='bbox 1088 3984 1172 4049; x_wconf 82' lang='lat' dir='ltr'>babe-</span> 
     </span>
     <span class='ocr_line' id='line_1_31' title="bbox 243 4069 1173 4217; baseline -0.001 -83"><span class='ocrx_word' id='word_1_208' title='bbox 243 4069 306 4135; x_wconf 65' lang='lat' dir='ltr'>bat.</span> <span class='ocrx_word' id='word_1_209' title='bbox 332 4071 527 4217; x_wconf 42' lang='lat' dir='ltr'>§esychium</span> <span class='ocrx_word' id='word_1_210' title='bbox 576 4098 685 4154; x_wconf 68' lang='grc' dir='ltr'>τρνχα,</span> <span class='ocrx_word' id='word_1_211' title='bbox 720 4078 845 4159; x_wconf 53' lang='lat' dir='ltr'>(obesa,</span> <span class='ocrx_word' id='word_1_212' title='bbox 880 4102 968 4152; x_wconf 70' lang='lat' dir='ltr'>rnna,</span> <span class='ocrx_word' id='word_1_213' title='bbox 1013 4084 1173 4149; x_wconf 68' lang='lat' dir='ltr'>aereaere,</span> 
     </span>
     <span class='ocr_line' id='line_1_32' title="bbox 244 4183 541 4228; baseline 0.007 -11"><span class='ocrx_word' id='word_1_214' title='bbox 244 4183 330 4217; x_wconf 69' lang='lat' dir='ltr'>meter</span> <span class='ocrx_word' id='word_1_215' title='bbox 372 4185 400 4223; x_wconf 75' lang='lat' dir='ltr'>a.</span> <span class='ocrx_word' id='word_1_216' title='bbox 534 4212 541 4228; x_wconf 49' lang='grc' dir='ltr'><em>Ι</em></span> 
     </span>
    </p>
   </div>
   <div class='ocr_carea' id='block_1_5' title="bbox 305 4290 1173 4377">
    <p class='ocr_par' dir='ltr' id='par_1_6' title="bbox 305 4290 1173 4377">
     <span class='ocr_line' id='line_1_33' title="bbox 305 4290 1173 4377; baseline 0.003 -23"><span class='ocrx_word' id='word_1_217' title='bbox 305 4296 342 4357; x_wconf 86' lang='lat' dir='ltr'>V.</span> <span class='ocrx_word' id='word_1_218' title='bbox 368 4312 427 4369; x_wconf 77' lang='lat'>¹54·</span> <span class='ocrx_word' id='word_1_219' title='bbox 453 4290 575 4377; x_wconf 65' lang='grc' dir='ltr'>ἰὲιλὼ)</span> <span class='ocrx_word' id='word_1_220' title='bbox 624 4294 668 4355; x_wconf 87' lang='lat' dir='ltr'>Sic</span> <span class='ocrx_word' id='word_1_221' title='bbox 697 4291 876 4374; x_wconf 71' lang='lat' dir='ltr'>legendum,</span> <span class='ocrx_word' id='word_1_222' title='bbox 915 4309 980 4359; x_wconf 86' lang='lat' dir='ltr'>utut</span> <span class='ocrx_word' id='word_1_223' title='bbox 1007 4295 1097 4358; x_wconf 81' lang='lat' dir='ltr'>codex</span> <span class='ocrx_word' id='word_1_224' title='bbox 1124 4295 1173 4357; x_wconf 85' lang='lat' dir='ltr'>lra-</span> 
     </span>
    </p>
   </div>
   <div class='ocr_carea' id='block_1_6' title="bbox 245 4380 1171 4559">
    <p class='ocr_par' dir='ltr' id='par_1_7' title="bbox 245 4380 1171 4559">
     <span class='ocr_line' id='line_1_34' title="bbox 245 4380 1018 4452; baseline 0 -11"><span class='ocrx_word' id='word_1_225' title='bbox 245 4380 312 4444; x_wconf 78' lang='lat' dir='ltr'>beet</span> <span class='ocrx_word' id='word_1_226' title='bbox 338 4381 433 4452; x_wconf 62' lang='lat' dir='ltr'>liei-ti.</span> <span class='ocrx_word' id='word_1_227' title='bbox 717 4415 723 4432; x_wconf 70' lang='grc' dir='ltr'><em>ι</em></span> <span class='ocrx_word' id='word_1_228' title='bbox 1013 4432 1018 4441; x_wconf 96' lang='grc'>.</span> 
     </span>
     <span class='ocr_line' id='line_1_35' title="bbox 732 4469 1171 4559; baseline -0.014 0"><span class='ocrx_word' id='word_1_229' title='bbox 732 4553 738 4559; x_wconf 80' lang='grc'><em>.</em></span> <span class='ocrx_word' id='word_1_230' title='bbox 808 4470 839 4541; x_wconf 79' lang='lat'>0</span> <span class='ocrx_word' id='word_1_231' title='bbox 1055 4469 1095 4556; x_wconf 75' lang='lat' dir='ltr'>V..</span> <span class='ocrx_word' id='word_1_232' title='bbox 1114 4491 1171 4553; x_wconf 70' lang='lat' dir='ltr'>m</span> 
     </span>
    </p>
   </div>
   <div class='ocr_carea' id='block_1_7' title="bbox 0 0 1695 5384">
    <p class='ocr_par' dir='ltr' id='par_1_8' title="bbox 0 0 1695 5384">
     <span class='ocr_line' id='line_1_36' title="bbox 0 0 1695 5384; baseline 0 0"><span class='ocrx_word' id='word_1_233' title='bbox 0 0 1695 5384; x_wconf 95' lang='lat' dir='ltr'> </span> 
     </span>
    </p>
   </div>
  </div>
 </body>
</html>
