3375 5384
415 733 562 819 rura
594 733 925 856 nocnauru
957 735 1026 810 ur
1101 727 1178 832 ’σὴ

251 931 409 1040 ungero
424 933 659 1045 caepisque
678 929 857 1032 eruditis,
885 927 925 1010 vt
941 953 1027 1010 eam
1048 931 1088 1010 in
1102 935 1187 1010 lm·‘
1270 964 1272 978 ·

251 1068 488 1159 peratorem‚
518 1049 635 1155 quern
651 1044 838 1128 Iulianum
853 1047 1075 1154 Apostatam
1094 1074 1176 1128 cre·

253 1163 414 1267 debant,
450 1164 627 1268 scriptam
653 1180 840 1268 putarent.
926 1163 982 1242 At
1013 1189 1099 1244 eam
1120 1166 1176 1262 ἐις

251 1287 475 1383 Battiadas,
491 1275 1174 1382 inProconsulenrAchaiae,Bafilium
1271 1319 1276 1328 ·

254 1395 396 1480 distata
417 1394 517 1498 effe,
548 1398 779 1501 argumentis
798 1399 924 1476 ¹omni
948 1402 1176 1502 exceptione

255 1505 464 1598 maioribus
509 1510 804 1596 demonstraui·
871 1510 1176 1616 Inuestigandum

252 1632 370 1738 igitur
390 1633 482 1726 erit,
509 1645 593 1710 utra
615 1629 796 1733 scriptura
815 1627 931 1710 nostri
954 1625 1032 1708 loci
1053 1633 1178 1710 verior

252 1743 325 1851 sit,
343 1793 348 1801 ·
365 1765 405 1828 et
437 1763 570 1826 utrum
609 1769 776 1826 carmen
799 1749 839 1825 in
869 1741 1043 1856 Basiliam
1074 1747 1183 1852 Augu

254 1863 439 1970 scriptum
465 1858 529 1962 srt,
558 1886 606 1940 an
631 1865 670 1941 in
686 1857 804 1940 aliurn
826 1859 1039 1971 quendam,
1063 1865 1177 1942 ‘cuius

255 1993 397 2062 nomen
421 1983 646 2084 ignoretur,
680 1979 963 2085 imperarprern.
1032 1981 1178 2060 Vtrius-

256 2123 331 2208 que
344 2096 562 2206 suspicionis
580 2097 745 2209 rationes
758 2093 1029 2208 expendamus.

340 2318 387 2411 ll.¹
412 2332 540 2412 Primo
572 2327 758 2439 quidem,
804 2317 1061 2408 narrarunt
1099 2327 1179 2410 hoc

254 2449 425 2528 'carmine
452 2443 660 2546 celebrari,
695 2472 746 2530 ex
776 2443 835 2523 his
857 2441 984 2526 forsan
1012 2443 1178 2550 colligas.

257 2563 455 2666 Inscriptio
470 2584 550 2638 non
571 2583 649 2638 uno
675 2557 831 2638 honoris
847 2566 1180 2642 normae-conten·

256 2696 317 2779 ta,
340 2693 405 2760 aut
430 2701 532 2787 προς
561 2701 630 2760 τον
658 2669 946 2789 οἰυτοκρατοροι
969 2680 1098 2780 ponit,
1123 2695 1182 2756 ‘ut
1278 2753 1282 2766 .

256 2793 303 2876 fit
331 2797 375 2882 in
396 2795 562 2873 carmine
584 2789 767 2897 septimo,
797 2807 870 2870 aut
893 2795 946 2890 ὲις
973 2788 1182 2893 τονβασι-

257 2926 359 3010 aaa,
395 2927 440 2989 ut
467 2907 513 2987 fit
539 2911 579 2996 in
610 2909 778 2986 carmine
798 2901 961 3009 osiauo,
997 2905 1063 2988 scd
1090 2931 1182 2988 con-

234 3021 418 3122 ¹iunsiim
446 3046 491 3110 ea
518 3020 674 3104 exhibet
708 3025 761 3122 ἐις
796 3050 864 3110 coa
893 3023 1182 3136 αὐτοκρατοροι

255 3145 399 3247 βασιλ.
452 3147 505 3222 Vt
524 3143 686 3233 omnino
714 3137 898 3246 posterius
928 3165 1072 3220 nomen
1099 3145 1181 3243 viri,

121 3244 126 3254 ’
257 3283 340 3340 non
356 3257 566 3362 dignitatis,
580 3253 653 3338 esse
666 3253 846 3336 videatur.
907 3255 1053 3338 Deinde
1068 3282 1194 3366 quae-¹
1229 3247 1233 3284 ¹

259 3399 411 3484 cunque
440 3377 479 3467 in
516 3371 641 3454 hocce
655 3375 835 3452 ,carmine
869 3371 919 3453 de
937 3379 1187 3478 ‘Imperatore

260 3485 361 3574 disin
375 3493 633 3595 reperiuntur,
662 3491 897 3577 conueniunt
913 3491 1093 3594 personae
1115 3482 1183 3589 Ba·

259 3602 330 3690 filii
350 3603 729 3711 Porphyrogenetae‚
771 3629 844 3683 nec
867 3601 1029 3691 verbum
1059 3603 1184 3708 ullum
1292 3703 1296 3712 ἱ

260 3736 387 3821 extat,
414 3719 633 3828 quinhuius
647 3722 759 3800 aetati
773 3744 817 3798 ac
832 3721 1012 3824 personae
1028 3745 1183 3802 accom-

258 3835 410 3920 modari
448 3843 573 3942 queat.¹
645 3836 750 3915 Cum
781 3841 883 3914 enim
916 3835 995 3916 duo
1024 3839 1207 3942 impera

261 3955 388 4034 uerint
402 3945 540 4052 Bassi,
569 3949 619 4028 de
642 3949 786 4029 seniore
809 3945 940 4030 Basilio
966 3952 1183 4033 Macedone

260 4058 373 4175 plane
393 4090 473 4148 non
494 4065 618 4171 potest
633 4063 697 4144 hic
718 4068 896 4169 cogitari,
925 4072 1063 4173 partim
1078 4055 1187 4178 q'uod

263 4183 311 4266 id·
329 4209 447 4290 genus
469 4183 647 4294 versuum
672 4177 941 4290 politicorum,
972 4210 1051 4294 quo
1078 4181 1187 4264 verst-

562 4309 565 4313 ’
624 4297 628 4304 ’
764 4297 838 4381 Ea
957 4303 961 4314 ’
1050 4297 1221 4380 ficator
