3375 5384
469 667 528 744 m
577 646 1033 750 cruruevzeuvtvt
1169 698 1290 774 ur,
1407 783 1409 788 ,

283 852 465 937 Aduersurn
489 881 546 934 eoa
566 851 635 961 ipse
656 851 747 934 ducit
768 862 876 958 copiae
898 853 1100 934 detectorum
1125 862 1212 937 mitt·

806 980 879 1033 tum
893 986 1016 1060 paruas,

284 1070 334 1140 nc
349 1069 457 1165 primo
472 1071 599 1164 impetu
619 1063 770 1138 cohorter
793 1088 909 1138 eorum
930 1061 1058 1157 fundit,
1190 1125 1194 1142 s
1257 1087 1260 1094 '

283 1170 374 1240 Dum
387 1195 457 1240 non
481 1167 573 1243 aliter
589 1192 626 1238 ac
644 1164 821 1263 peruadens
833 1173 941 1243 ae'rem
959 1163 1073 1272 fulgur
1086 1172 1188 1250 irruit.

282 1275 330 1342 lta
345 1267 592 1372 conspirationis
605 1266 921 1371 dilloluitjglobrum

281 1374 422 1451 simulac
429 1372 565 1451 iolidam
578 1371 700 1447 ballam
715 1370 756 1446 ad
763 1399 862 1476 opem
876 1370 1045 1452 ferendam
1060 1373 1209 1452 intendit.

330 1531 400 1600 PH.
426 1531 501 1601 Oris
517 1547 625 1601 autem
635 1523 754 1628 species
768 1532 836 1601 eius
844 1554 944 1628 quam
958 1534 1045 1630 uiget
1055 1549 1085 1599 et
1093 1525 1207 1600 floret!

279 1628 382 1734 Pinge
398 1637 480 1704 mihi
497 1629 639 1733 quaeso,
661 1631 826 1722 virbone,
854 1635 992 1704 heroem
1014 1657 1139 1708 meum.

276 1733 435 1832 Elleuim
455 1743 577 1837 magis,
600 1759 699 1839 quam
712 1740 850 1828 caeteri,
874 1761 957 1836 quos
971 1731 1129 1826 viderim,
1149 1761 1204 1810 ex·

623 1844 851 1911 ercirationum
874 1835 1026 1939 cupidus:
1051 1843 1151 1940 igitur

274 1944 327 2016 Ex
340 1941 500 2015 laboribus
515 1948 582 2015 eius
590 1938 785 2015 subnascinrr
799 1943 884 2014 milri
898 1967 966 2016 non
973 1939 1075 2015 futilis
1090 1950 1203 2032 timor,

174 2129 177 2137 ,
274 2048 365 2120 Cuur
387 2046 576 2128 diuturnitas
598 2052 757 2146 temporis
782 2051 957 2118 maximam
975 2061 1099 2146 partem
1128 2051 1202 2146 pin.

633 2147 780 2248 guedinis
792 2171 825 2221 et
841 2155 974 2250 igneum
997 2149 1148 2222 colorem

274 2248 328 2323 Ab
342 2255 476 2352 egregiis
490 2249 696 2326 bellatoribus
716 2252 892 2353 abstergere
908 2249 1010 2326 soleat

272 2357 318 2428 Et
328 2380 484 2454 genarum
500 2356 653 2430 ruborem
674 2354 808 2430 reddere
825 2349 1057 2430 obscuriorem.

323 2509 378 2584 M.
401 2503 561 2585 Vidistine
575 2533 713 2587 vernam
729 2509 1009 2607 luxuriantemque
1024 2513 1060 2582 in
1078 2503 1197 2582 frutice

874 2609 980 2684 rosam

268 2715 313 2786 Et
327 2711 447 2789 florens
461 2711 593 2788 lilium?
616 2711 757 2790 Eosdem
771 2712 898 2808 colores¹
918 2734 950 2788 ct
967 2715 1022 2786 hic
1037 2707 1197 2814 conspice.

269 2819 356 2891 Nam
380 2817 480 2892 rubor
501 2815 635 2891 candori
661 2822 840 2918 permixtus
864 2815 927 2907 eli,

267 2925 314 2994 Et
328 2918 467 2995 candido
485 2920 603 3019 ubique
616 2919 703 2993 adell
722 2914 766 2991 lat
782 2915 904 2993 feruidi
923 2913 1056 3006 eoloris,
1257 3009 1261 3017 ι

267 3029 318 3098 Ac
331 3023 466 3098 uiciffim
487 3023 662 3099 inerrabilis
680 3021 812 3124 quidam
835 3023 1059 3097 illecebrarum
1075 3015 1170 3091 color
1241 3106 1244 3116 Ι

267 3131 405 3233 Vtrique
421 3127 589 3209 adimetur
605 3128 649 3206 ell
664 3153 701 3204 ac
721 3125 852 3301 vidgtur
874 3123 962 3228 quali
984 3121 1071 3200 aliud
1092 3115 1196 3224 quod·

804 3256 857 3304 am
875 3231 998 3304 ‚lumen

266 3335 353 3410 Cum
370 3331 507 3442 fulguris
534 3330 706 3439 splendore
722 3354 856 3412 certare.

727 3489 757 3562 l(
781 3513 808 3580 4
1044 3484 1113 3558 PH.
1124 3482 1194 3556 Ha·

328 3763 365 3824 V.
385 3776 441 3837 153.
461 3767 613 3834 σφιγμιετα
638 3779 685 3826 nr
706 3755 886 3834 ὅμαιχμαε)
927 3753 1041 3820 Scilicet
1058 3749 1190 3818 Triballi

263 3843 450 3910 adiunxerant
464 3846 515 3906 libi
527 3846 651 3917 Scythae.

326 3986 363 4044 V.
380 3999 435 4056 ¹35·
455 3975 474 4046 ri
490 3973 519 4036 θ’
531 3975 612 4055 ὄφις)
643 3982 746 4043 Leblio
761 4000 830 4042 cane
841 3977 932 4057 megia
946 3989 977 4038 et
989 3995 1082 4052 angue
1097 3975 1191 4040 vitan·

261 4065 309 4130 da·
351 4070 507 4140 scribatur,
527 4060 585 4132 rid'
598 4064 656 4133 ido
671 4066 783 4131 veritus:
804 4085 872 4126 narn
886 4063 921 4124 de
937 4060 1129 4144 pulcritudine
1146 4063 1201 4121 fa·-

261 4155 319 4214 eiei
333 4151 495 4214 sermonem
513 4148 569 4213 elie
581 4167 679 4233 patet,
699 4173 732 4212 ae
753 4165 870 4215 veretur
888 4145 998 4222 Philet,
1018 4167 1055 4208 ue
1076 4166 1110 4208 ee
1127 4148 1189 4211 iun

261 4238 433 4300 defloruerit
444 4239 485 4312 eb
498 4237 621 4300 affiduor
635 4239 693 4300 viri
706 4235 831 4300 laborer.

977 4403 980 4408 '
1071 4399 1110 4461 V.
1128 4404 1188 4472 ¹69.
