3375 5384
776 696 1242 791 PRAEFnTlm

544 918 625 981 non
644 882 857 1003 ignobilem
878 914 1007 980 tamen
1020 883 1146 1000 sitisse,
1174 924 1225 979 ex
1240 918 1290 978 eo
1311 890 1469 1003 colligo,

547 1012 655 1124 quod
677 1038 732 1101 aa
756 1016 876 1127 Kvpa
900 1011 1192 1121 appellationem
1212 1017 1294 1097 eius
1319 1014 1469 1095 nomini

545 1128 661 1209 video
696 1128 832 1243 adiici.¹
886 1132 1064 1237 Captauit
1089 1148 1219 1211 tamen
1250 1127 1469 1237 opulentioi

545 1270 634 1327 rum
663 1263 702 1325 et
724 1248 941 1351 potentium
963 1250 1121 1354 gratiam
1148 1251 1270 1357 iisque
1293 1242 1476 1341 adulatur

545 1358 741 1445 humiliter
768 1361 834 1446 all
904 1359 969 1445 Ab
999 1370 1139 1446 Ioanne
1173 1364 1469 1465 Cantacuzeno,·

546 1494 632 1556 tum
648 1480 796 1582 Magno
811 1480 1053 1581 Domestico,
1076 1505 1194 1589 quem
1208 1478 1343 1561 insanis
1357 1477 1471 1563 effera

546 1588 741 1696 laudibus,
769 1590 1001 1678 beneficium
1023 1613 1062 1677 et
1087 1620 1159 1705 pro
1175 1598 1342 1677 carmine
1367 1618 1469 1675 mer·

537 1707 685 1789 ‚cedem
715 1716 833 1792 variis·
852 1711 1011 1823 pocibus
1039 1730 1268 1822 extorquere
1299 1707 1466 1814 laborat,

547 1824 656 1930 saepe
690 1824 919 1932 manifestis,
961 1847 1002 1909 vt
1027 1830 1170 1934 v.·956.
1199 1828 1308 1934 saepe
1330 1820 1467 1907 obscu-¹

404 1996 408 2005 ·
546 1937 731 2043 rioribus,
768 1960 810 2023 vt
832 1970 865 2023 v.
887 1954 976 2049 584.
1041 1948 1181 2023 Pariter
1203 1945 1370 2027 carmine
1395 1948 1467 2045 IV,

547 2060 616 2155 86.
638 2053 686 2137 ab
703 2062 933 2164 Imperatore
956 2060 1079 2167 poscit
1105 2058 1304 2163 alimenta,
1334 2058 1468 2171 quam·

547 2176 606 2254 uir
627 2172 730 2255 nolit·
741 2174 860 2255 videri
883 2200 926 2256 ea
943 2177 1109 2282 poscere.
1174 2182 1273 2257 Item
1298 2179 1468 2258 carmine

534 2293 608 2369 lx.
619 2289 775 2372 finiente
788 2294 959 2400 queritur
970 2291 1018 2373 de
1032 2292 1131 2373 vesle
1145 2296 1233 2374 trita
1248 2312 1286 2373 et
1294 2293 1467 2375 nuditate

546 2408 717 2510 corporis
732 2430 747 2509 ,⁴
780 2408 980 2517 poscitque
1011 2407 1305 2502 vestimentum
1360 2427 1400 2491 et
1425 2412 1469 2489 in'

546 2521 672 2602 Carm.
686 2526 789 2624 Vlll,
817 2550 868 2628 15.
889 2548 967 2603 non
981 2543 1094 2630 negat
1114 2525 1172 2628 se,
1199 2544 1382 2639 tanquam
1404 2548 1465 2606 cas

544 2662 635 2719 nem
658 2634 834 2743 fidelem,
867 2666 916 2720 ex
939 2636 1050 2722 herili
1076 2644 1204 2724 mensa
1222 2646 1465 2751 Imperatoris

544 2756 685 2835 micam
713 2753 879 2867 aliquam
908 2760 1014 2864 panis
1042 2756 1280 2863 exspectare:
1325 2754 1464 2868 quibus

543 2866 667 2953 verbis
688 2890 755 2953 aut
773 2870 969 2973 famelicus
990 2880 1104 2978 poeta
1127 2890 1192 2951 aut
1216 2868 1337 2978 pusilli
1359 2876 1468 2978 inge-¹

545 2991 598 3067 nii
615 2986 738 3068 homo
754 2990 940 3095 proditur.
999 2992 1134 3096 Neque
1148 3004 1278 3069 tamen
1295 2987 1470 3075 multum

544 3100 736 3185 adulando
751 3102 894 3210 placuit
917 3104 1019 3185 satis:
1053 3127 1218 3214 namque
1241 3110 1465 3212 Imperator,

545 3224 669 3329 quem
688 3220 964 3307 Andronicum,
990 3219 1180 3305 seniorem
1212 3210 1319 3301 fuisse
1345 3242 1463 3329 puto,

543 3334 666 3419 verbis
688 3335 909 3438 nonnullis,
945 3360 1044 3445 quae
1063 3332 1127 3416 ille
1151 3339 1190 3415 in
1216 3335 1461 3441 Chronogra-

497 3464 500 3468 ’
543 3451 632 3558 phia
654 3451 708 3533 de·
728 3450 841 3561 ipsius
858 3449 1034 3533 laudibus
1057 3451 1267 3560 scripserat,
1296 3451 1466 3555 offensus¹

543 3574 584 3650 in
605 3566 755 3653 vincula
785 3595 878 3651 eum
918 3568 1102 3650 coniecit.'
1143 3582 1144 3587 '
1187 3560 1460 3677 Captiuitatem

541 3688 647 3771 suam
670 3687 748 3793 ipse
771 3703 962 3767 memorat
990 3686 1169 3767 Carmine
1184 3690 1234 3787 X,
1252 3712 1279 3768 r.
1336 3681 1461 3767 Fabri-

542 3801 623 3885 cius
652 3798 768 3908 (bibl.
784 3806 1034 3897 Gracc'tom
1049 3806 1110 3885 vt,
1130 3826 1213 3908 pag.
1229 3804 1310 3901 618.
1324 3797 1350 3884 f.
1367 3801 1464 3911 )-in¹

541 3917 700 4030 exilittm
713 3917 841 4001 scribit
856 3914 986 3999 aslum
1000 3913 1121 4021 suille,
1136 3918 1235 4013 male
1249 3916 1459 4023 intelligam

205 4043 238 4163 p
370 4122 374 4127 ,
540 4034 728 4119 Carminis
744 4042 822 4118 Vll.
841 4034 1140 4141 inscriptionem.
1197 4036 1301 4131 Cum
1313 4054 1408 4114 vero·
1420 4036 1463 4115 in

539 4142 753 4236 libertatem
783 4150 965 4237 vindicari
992 4170 1150 4258 cuperet
1164 4168 1186 4251 ,'
1217 4148 1463 4233 iureiurando

537 4269 772 4354 confirmare·
796 4264 961 4371 deum,
995 4264 1049 4351 nil
1075 4264 1398 4466 contumelioqqm
1418 4269 1462 4345 in

476 4398 482 4411 “
689 4426 693 4433 ·
1363 4407 1460 4489 ugu-
1517 4464 1520 4469 .
