3375 5384
345 683 349 686 ’
447 684 503 760 IN
553 669 1018 761 anTncvz'eNvM.
1090 675 1092 680 ⁵
1141 713 1194 768 aar

319 875 389 950 PH.
413 881 539 949 Arcum
555 885 635 948 uero
651 869 821 975 quomodo
836 871 957 946 tendit?
982 869 1035 972 dic
1053 875 1168 952 ethna

267 983 399 1053 Etenim
416 981 468 1051 vel
486 1007 591 1052 ouum
611 976 720 1078 sagitta
737 977 837 1049 ferire
863 972 953 1077 posse
978 977 1095 1050 dicitur
1181 981 1187 988 '

266 1089 309 1156 Et
324 1081 386 1154 tela
401 1083 518 1154 habere
532 1110 592 1183 per
603 1088 710 1154 ae'rem
728 1077 897 1154 surrnmum
915 1083 1094 1174 volitantia,

265 1185 434 1287 Siquidem
451 1184 491 1256 ad
510 1186 603 1260 alites
617 1182 704 1283 ipsos
719 1212 756 1258 ea
772 1191 905 1278 emittat.

264 1297 350 1364 Item
363 1288 469 1363 ferire·
481 1302 501 1363 ‘e
515 1289 699 1392 longinquo
719 1286 811 1392 polle
835 1305 868 1360 er
887 1283 1073 1364 funiculum
1094 1289 1191 1368 alicu.

809 1396 859 1463 ius
884 1389 1018 1466 monilis

263 1503 307 1571 Et
322 1516 452 1570 tenuem
466 1495 570 1596 pilum
585 1514 618 1569 et
632 1485 798 1597 alligat'um
816 1503 847 1568 ei
867 1493 1047 1582 officulum,

263 1608 404 1703 Eiusque
417 1603 538 1676 ioelum
552 1601 641 1674 nulla
655 1607 797 1674 omniuo
811 1626 847 1672 re
862 1600 933 1673 fieri
949 1619 1088 1704 turpem.

313 1791 356 1862 N.
383 1787 421 1861 ld
436 1815 567 1891 quoque
584 1784 770 1863 admirabile
784 1785 829 1859 ell
850 1784 882 1859 e't
898 1785 1126 1879 laudamine,

260 1891 362 1996 Quod
377 1899 485 1965 omnis
499 1919 599 1977 arcus,
615 1894 842 1993 quemcunque
857 1891 1005 1964 manibus
1018 1901 1187 1996 acceperit,

261 1994 398 2068 Videtur
411 1999 552 2068 ramulus
565 1995 677 2096 aliquis
690 1989 753 2065 else
769 2013 893 2066 temere
907 1995 1049 2069 ludentis
1062 2011 1173 2102 pueri:

259 2102 295 2174 Si
314 2127 392 2172 uero
410 2099 512 2172 telum
528 2099 625 2172 velox
642 2096 718 2170 inde
734 2096 835 2170 fuerit
855 2094 1020 2175 cucullum

259 2211 298 2278 ln
314 2229 365 2276 aes
378 2197 592 2288 au't'ferrum,
616 2200 656 2274 ad
669 2198 831 2301 specimen
847 2198 1008 2287 dandum,

250 2298 354 2380 'Tum
367 2334 524 2407 quaenam
540 2309 689 2405 maehina
704 2302 775 2376 saxa
786 2302 1003 2408 vconfringens

258 2410 380 2484 Talem
400 2432 578 2482 trunorem
602 2409 753 2482 omnibm
776 2414 930 2482 incutiat!

309 2602 381 2676 PH.
407 2600 519 2671 Etiam
541 2603 647 2699 prius,
674 2621 771 2698 quam
797 2592 1093 2673 animaduertissem
1115 2619 1184 2674 tatr-

677 2721 747 2771 tum
764 2703 859 2772 huius
876 2705 936 2770 viri
951 2700 1062 2792 robur,
1096 2745 1099 2750 ·

254 2804 476 2892 Percellebar‚
502 2807 644 2888 oDiva,
662 2823 695 2875 et
711 2799 1016 2879 contremiscebam:

252 2912 407 3005 Namque
424 2908 555 2981 timidus
570 2902 751 3006 suspeslum
769 2905 927 2997 habebam
937 2913 1006 2980 eius
1023 2910 1158 2998 ioelum,

252 3017 465 3084 Exanimatua
482 3034 513 3082 et
528 3017 564 3080 in
587 3008 717 3084 coelum
733 3006 925 3110 suspiciens,

252 3115 307 3187 Ne
322 3113 410 3217 quod
424 3111 535 3187 forsan
547 3111 651 3187 telum
674 3121 771 3186 etiam
795 3132 850 3184 me
872 3119 1099 3216 inopinantem
1123 3113 1181 3188 ob-

276 3295 281 3300 ,
836 3239 951 3302 rueret.

254 3318 479 3393 Veruntamen
496 3317 561 3396 alio
578 3345 634 3392 me
650 3319 828 3392 valentiore
842 3325 963 3392 amoris
980 3318 1047 3390 telo

251 3427 365 3497 Suauis
380 3425 436 3498 ille
451 3423 608 3498 iaculator
622 3421 712 3498 diuo
732 3430 824 3497 citius
847 3417 1029 3525 perculsum
1043 3439 1180 3526 ceperat.

302 3609 354 3686 M
380 3613 513 3685 Caetera
531 3635 611 3683 vero
626 3590 726 3684 whuius
747 3611 992 3781 triumphatoscis
1013 3607 1130 3684 decora
1150 3623 1180 3682 'u

801 3733 916 3814 quanta
951 3719 1026 3784 unt!

251 3817 293 3886 Et
309 3839 468 3916 quaenam
484 3819 593 3890 oratio
618 3841 656 3890 ea
671 3814 772 3891 valeat
793 3819 986 3892 numerare?

1120 3911 1178 3993 Ell

223 4231 227 4238 .
305 4173 359 4246 av.
387 4186 448 4246 831.
476 4170 833 4247 mnm'emro’nn)
884 4169 991 4236 Nescio
1013 4197 1049 4236 an
1070 4175 1125 4236 hoc
1144 4173 1178 4236 fit

248 4257 389 4406 summ
406 4261 467 4343 pilo
493 4259 633 4348 aequale,
679 4281 717 4321 eu
747 4263 780 4322 fir
809 4261 845 4322 de
873 4259 1071 4325 emendatione
1098 4263 1176 4339 cogi·

944 4497 947 4504 ,
1065 4429 1102 4488 V·
1119 4441 1174 4502 853·
