3375 5384
328 668 560 786 cnnuru
583 669 654 746 ua
677 673 709 749 s.
733 666 1046 756 rnaouono
1113 699 1156 769 ῃ

302 865 476 949 Cicutam,
500 858 603 948 dicat,
627 864 836 935 nutrimentis
848 856 945 932 ilium
962 856 1152 951 admiscere,

216 961 306 1039 dum
336 963 597 1059 idolothytorum
627 967 774 1037 aruinam
803 960 973 1137 ipsumpue
1000 958 1151 1063 adipem,

214 1076 261 1147 in
272 1090 498 1168 mortemnou
514 1075 634 1151 camir,
659 1064 713 1141 sed
726 1060 869 1154 animae,
892 1093 910 1139 a
934 1062 1053 1144 miscet.
1085 1065 1150 1141 Sed

215 1163 477 1245 efficacissimum
498 1167 701 1258 remedium,
727 1168 828 1244 veluti
857 1196 964 1245 nouae
989 1174 1150 1245 theriacae

212 1275 384 1379 pastillos,
408 1273 571 1375 sapienter
599 1274 712 1346 obiicit
727 1294 887 1373 martyr„
910 1293 943 1347 et
968 1272 1060 1347 letho
1092 1274 1148 1347 dat

211 1404 293 1454 rem
307 1375 512 1477 lethiferam,
535 1404 739 1477 cuneumque
755 1404 861 1451 cuneo
876 1375 1024 1453 citiffime
1039 1396 1147 1451 extru-

209 1481 281 1563 dit.
358 1485 536 1578 Tyrannus
562 1480 636 1566 itte,
659 1480 716 1555 isla
736 1478 838 1555 audax
857 1479 1034 1583 timidaque
1049 1479 1146 1555 fimul

208 1584 340 1673 bestia,
361 1612 437 1659 cum
458 1585 549 1659 velut
567 1612 627 1686 per
644 1580 770 1659 infidias
789 1586 983 1659 nosiurnam
1000 1610 1145 1689 pugnam
1218 1638 1224 1645 -

208 1688 418 1781 moliretur,
447 1686 524 1764 licet
556 1686 658 1761 bellus
682 1686 739 1762 ille
764 1714 803 1763 cx
827 1688 962 1761 hisiuria
986 1684 1143 1762 furtiuum
1251 1753 1255 1763 .

206 1796 391 1867 vidioriam
414 1814 533 1893 patum
551 1796 677 1894 regiam
697 1786 760 1864 esse
775 1786 934 1865 didicisset
941 1820 953 1881 3
990 1794 1145 1869 huicim·

203 1902 358 2000 peratori
389 1894 706 1997 aliosirategemare
727 1894 839 1970 noster
870 1894 965 1969 milen
983 1899 1142 1981 occurrit,

202 2004 374 2073 nociturna
389 1997 540 2100 quidem,
564 1996 758 2102 sapientiore
778 2021 910 2093 tamen,
934 1996 1144 2100 expeditione

204 2101 419 2178 audacissime
436 2099 603 2205 susceptae
638 2099 788 2181 obseurat
811 2124 986 2198 tyrannum
1001 2128 1143 2205 enitique

202 2212 355 2282 maxima
373 2202 528 2283 affettun
544 2202 635 2283 clade
657 2204 760 2308 fugat,
1033 2196 1037 2207 ¹

290 2304 411 2382 Forsan
430 2332 488 2397 tu,
514 2308 664 2410 sophista
693 2307 910 2411 adoratorque
938 2305 1142 2397 fabularum,

205 2411 373 2484 Mercurii
391 2416 439 2486 tui
446 2409 540 2486 surra
556 2410 740 2501 edidiceras,
754 2434 808 2487 aut
821 2419 874 2485 tui
889 2419 976 2489 louis
989 2410 1145 2486 adulteria¹

207 2536 271 2587 nar
295 2510 612 2589 tranrsounatiouea..
674 2518 816 2589 luerim
837 2534 873 2587 vt
897 2520 1038 2619 virginer
1067 2537 1142 2589 cor·

976 2637 1141 2720 rumperet

204 2800 305 2867 menti
325 2799 480 2865 adhibendi
499 2801 627 2863 imitatur
643 2798 821 2866 Theodorur
837 2799 978 2877 Iuliano,
1004 2804 1140 2888 peiiiseeo

204 2888 356 2989 draconi,
390 2890 529 2988 obiecerit
557 2886 659 2962 colyba
684 2901 772 2973 atque
800 2890 845 2970 ita
866 2886 1069 2954 inueneris
1094 2908 1140 2951 re.

203 2971 407 3137 Preffielldtsw.
434 3065 570 3134 πιπαλᾳ
597 3060 772 3145 ueremi)
810 3059 855 3124 Ad
880 3059 972 3123 uerba
998 3058 1141 3145 qttttdasn

202 3143 319 3211 biblica
347 3140 496 3205 alluditur.
1030 3172 1034 3188 ·

277 3248 319 3309 V.
334 3261 393 3315 180.
415 3242 431 3305 ὅ
455 3244 580 3323 eander)
622 3250 644 3310 ἰ.
659 3268 684 3313 e.
702 3253 808 3321 ierint,
835 3266 995 3321 enumerent,
1019 3248 1139 3311 duetore
1221 3274 1232 3289 ·

202 3333 377 3406 Hesychia:
408 3332 486 3417 quud
509 3330 639 3412 elogium
662 3338 792 3419 apprime
811 3336 949 3395 conuenit
968 3332 1073 3395 Iuliani
1094 3335 1139 3394 in·

201 3420 311 3502 gerno,
333 3419 385 3501 qui
398 3430 477 3478 totus
497 3436 532 3479 er
558 3416 730 3504 sequacitate
747 3434 777 3482 et
798 3420 930 3482 irrisione
954 3433 983 3481 et
1001 3436 1139 3498 attagen·

200 3510 245 3569 tia
268 3527 334 3567 torn
359 3504 444 3563 ofitur
460 3519 585 3582 erat,ac
625 3520 752 3568 meteret
768 3506 900 3567 eruditur
910 3504 1078 3589 sapiensque
1093 3510 1137 3566 vi·

200 3592 272 3652 deri
293 3525 425 3651 vosebat.
474 3590 573 3653 Verba
590 3526 667 3665 isia,
695 3612 770 3673 quae
786 3590 906 3677 scriptor
921 3593 1016 3653 noster
1029 3594 1137 3665 innuit,

202 3696 312 3761 nempe
334 3694 393 3737 rann
413 3670 510 3737 dcem
528 3696 624 3763 regem
639 3676 797 3757 furtinum
817 3676 994 3749 vitiarium,
1009 3680 1040 3738 in
1057 3690 1139 3739 vetn-

201 3766 248 3826 sto
268 3760 400 3845 quantiam
424 3761 562 3825 historico
583 3784 630 3827 rue
650 3762 747 3843 legere
772 3765 914 3833 meminir
938 3784 1016 3823 nune
1038 3765 1137 3847 requi·

202 3868 270 3911 rere
293 3867 357 3909 non
379 3860 472 3921 vacat,
1130 3912 1132 3919 Ι

264 3948 309 4015 V.
329 3955 391 4017 186.
410 3943 495 4027 Ἕρμει
508 3950 635 4029 niues)
662 3944 800 4013 Mercurii
814 3945 893 4013 furta
907 3958 996 4020 nota,
1016 3944 1138 4027 callidi,

202 4032 349 4123 quiequid
358 4034 492 4118 placuit,
516 4030 606 4117 iocose
625 4032 746 4099 eandm
754 4026 859 4120 furto.
901 4032 982 4101 Vide
994 4034 1137 4098 Ouidium
1157 4031 1162 4039 ’

203 4139 322 4187 metam.
338 4126 384 4201 11,
396 4126 462 4189 686.
502 4123 575 4183 Strnt
586 4136 614 4184 et
628 4123 706 4184 Ionis
722 4117 799 4181 furta
811 4134 896 4195 nota,
916 4140 980 4181 cum
995 4124 1026 4181 in
1043 4118 1138 4201 Ledae

156 4264 173 4300 ,
202 4211 330 4287 granam
352 4227 494 4289 cygnum,
515 4221 636 4293 propter
654 4211 798 4291 Erunpam
816 4219 949 4279 taurum,
971 4220 1000 4269 et
1020 4206 1060 4269 ob
1082 4208 1138 4269 Da·

203 4297 283 4357 na'e'n
298 4315 423 4359 eurenrn
442 4294 567 4360 imbrem
583 4295 731 4357 mentitur.
991 4304 994 4311 ⁴

699 4382 730 4453 C
752 4409 772 4473 3
1016 4382 1058 4456 V.
1070 4404 1135 4473 192.
