3375 5384
355 625 499 755 min
532 680 602 752 nn
632 675 859 752 eunucu
882 675 968 754 vur.
1070 708 1139 787 249

223 891 284 954 tor
298 870 634 956 nullamadiecerit·
643 875 1005 978 interpretationem
1013 900 1147 986 nequo

224 1020 295 1102 vlla
316 1047 406 1102 cura
429 1024 508 1102 eius
532 1023 698 1124 attigerit
719 1021 1047 1125 emendationem,
1062 1019 1139 1106 fine

225 1195 298 1279 qun
326 1187 454 1252 tamen
484 1170 524 1248 in
544 1185 617 1275 tot!
635 1166 919 1251 mendofiffimis
944 1168 1040 1252 locis
1074 1174 1153 1256 vix.

225 1317 452 1400 crediderim
479 1342 633 1396 carmen
662 1313 822 1431 intelligi
847 1315 960 1423 polle.
1034 1323 1141 1400 Prae·

183 1553 187 1560 ,
222 1485 321 1549 terea
357 1464 618 1574 apographum
654 1462 714 1547 Cl.
744 1467 908 1546 Reimari
938 1463 1070 1550 nudus
1083 1537 1086 1546 .
1100 1468 1141 1550 id

220 1581 400 1701 conferre
426 1640 516 1694 curn
541 1613 708 1697 editione
735 1618 846 1720 potui
874 1612 1018 1702 etloca
1047 1641 1144 1696 non·

222 1761 322 1846 nulla
342 1764 424 1844 eius
439 1759 629 1842 beneficio
646 1760 861 1865 emendare,
874 1779 960 1844 vtut
977 1760 1144 1870 plerum,

213 1939 300 2024 que
341 1888 498 2017 ingenii}
514 1905 754 1990 coniedurae
787 1907 979 1991 medelam
1009 1909 1166 1992 nii'crre¹

226 2058 436 2144 debuerint.

312 2219 530 2306 Inscribitur
551 2249 704 2325 carmen
717 2221 893 2330 Augusto
911 2225 1154 2330 Imperatori.

226 2391 265 2456 rt
293 2401 343 2452 ex
373 2373 499 2476 primo
529 2387 569 2450 et
590 2369 726 2452 vltimo
752 2374 861 2452 versu
882 2387 1004 2478 potet:
1052 2365 1147 2458 ’An-
1189 2413 1193 2418 ·

226 2545 443 2635 τοκρατωρ
471 2540 636 2625 uertet,
676 2498 731 2606 re
759 2542 876 2618 rerer
905 2534 1007 2606 λεον.
1091 2522 1149 2596 Ex
1296 2505 1297 2512 ‘

226 2669 307 2750 hoc
333 2667 442 2750 versu
457 2671 534 2745 iam
550 2665 742 2773 Philippus
761 2661 935 2747 Labbeus
963 2668 1029 2768 (in
1049 2689 1153 2746 noua
1222 2631 1226 2640 ¹

227 2813 465 2900 bibliotheca
486 2815 869 2920 manuscriptorum)
907 2813 1008 2920 apud
1030 2813 1153 2896 Oudi·

226 2991 327 3049 num
364 2962 444 3065 (de
465 2962 636 3068 scriptor.
649 2960 759 3042 -Eccl
781 2981 876 3042 tom.
894 2967 954 3047 Ill.
983 2987 1019 3070 p.
1038 2967 1153 3069 842.)

227 3115 411 3222 opinatus
437 3104 539 3214 fuit,
575 3107 616 3190 id
637 3109 807 3191 dicatum
831 3105 904 3190 elle
928 3115 1050 3196 Leoni
1070 3088 1154 3194 Auss
1189 3167 1194 3176 .

229 3262 356 3370 gullo.
412 3258 541 3340 Postea
566 3256 776 3342 Doruillius
811 3260 881 3363 (in
894 3257 1052 3343 Miscell.
1071 3257 1155 3344 Ob-

229 3414 370 3508 seruat.
405 3425 461 3495 to,
478 3413 534 3519 IL
549 3434 590 3515 p.
614 3411 721 3515 431.)
776 3435 837 3516 ex·
855 3395 990 3491 eadem
1009 3413 1157 3492 ratione
1318 3470 1323 3500 ,

231 3559 427 3643 conficere
450 3554 572 3638 voluit
593 3621 606 3661 ‚
636 3546 683 3638 id
703 3561 939 3670 antiquioris·
957 3558 1158 3640 cuiusdam

231 3706 363 3795 Philae
389 3702 480 3809 effe,
515 3704 734 3811 inscriptum
758 3711 881 3787 Leo'ni
907 3697 962 3790 Vl.
990 3707 1159 3812 sapienti,

234 3862 303 3969 qui
322 3850 451 3937 oafflii
475 3852 700 3948 Macedonis
725 3851 825 3936 filius
847 3879 928 3935 ann.
952 3847 1162 3944 becconi

234 4011 355 4089 vitam
371 4001 486 4084 finiit:
515 4025 678 4112 namque
699 4002 880 4084 Monuele
893 4001 995 4086 Phila
1010 4009 1163 4087 viuente
1212 4052 1214 4063 ,

237 4152 397 4238 nullum.
439 4154 612 4241 Leonem
641 4148 847 4259 imperaffe.
941 4156 1162 4237 Exima'mus

778 4305 866 4410 Qs
1037 4307 1166 4392 erudi·
